2634 3430
1266 107 1322 154 12

133 231 238 270 artis.
292 230 468 269 Actionis
496 231 597 270 enim
632 230 826 278 nobilitas,
865 241 981 279 quam
1018 231 1137 269 Arist.
1170 230 1398 279 tragoediae
1432 231 1691 270 necessariam
1724 242 1811 270 esse
1845 228 2026 277 affirmat,
2061 234 2245 268 contenta
2272 240 2348 268 non
2382 231 2443 267 est

132 296 355 338 hominibus
383 297 620 348 quotidianis
646 296 798 338 nobilia
824 296 984 338 nomina
1010 310 1104 349 prae
1123 311 1166 339 se
1185 296 1412 345 ferentibus,
1440 311 1573 338 verum
1591 297 1776 350 postulat,
1794 301 1835 338 ut
1853 309 2047 349 personae
2074 308 2166 337 vere
2194 295 2269 337 sint
2287 294 2443 337 nobiles

130 377 177 406 ac
205 365 406 407 sublimes.
452 364 675 417 Hartungus
694 363 853 417 quidem
872 364 938 419 (E.
954 378 984 406 r.
1000 366 1030 406 1.
1044 378 1084 419 p.
1098 365 1207 420 379.)
1230 365 1328 406 illud
1353 377 1431 406 non
1450 366 1585 407 vitium
1604 378 1694 408 esse
1715 364 1880 419 Judicat,
1899 375 2035 406 verum
2053 362 2198 417 optime
2225 363 2443 405 institutum

131 435 183 473 ab
212 435 317 483 Eur„
346 436 484 485 „quus
512 433 748 473 carminibus
766 434 888 474 multo
908 434 1025 475 citius
1042 435 1246 485 latiusque,
1275 447 1393 483 quam
1412 434 1644 475 disserendo
1661 434 1847 486 potuerit,
1873 432 2135 486 philosophia,
2163 444 2263 483 quae
2290 431 2341 471 de
2363 432 2446 471 vita

133 507 172 542 et
201 501 385 550 moribus,
412 501 461 541 de
489 501 607 541 rebus
632 501 746 542 bonis
773 502 965 552 malisque
993 507 1167 553 quaerat,
1195 502 1400 554 divulgata
1427 502 1514 542 sit.“
1569 503 1655 543 Etsi
1682 500 1975 543 concedendum
2002 505 2072 551 est,
2100 499 2192 540 inde
2219 500 2309 552 peti.
2326 511 2444 551 posse

133 582 276 611 causas
303 567 538 620 Euripideae
563 581 713 609 morum
741 568 1033 623 descriptionis,
1060 575 1191 611 tamen
1223 581 1352 621 neque
1385 570 1438 610 ab
1469 570 1629 611 Aristot.
1663 583 1790 622 neque
1817 570 1869 611 ab
1895 569 1976 611 ullo
2002 580 2172 620 unquam
2199 567 2278 608 alio
2306 567 2445 607 artium

131 637 266 689 judice
294 636 584 688 praescribitur,
613 642 654 676 ut
680 638 886 688 tragoedia
914 643 1128 690 praecepta
1156 639 1427 690 philosophiae
1453 638 1613 678 moralis
1640 639 1860 689 pervulget.

319 703 555 745 Omittentes
587 717 681 745 vero
709 718 759 745 ea
792 719 895 757 quae
930 707 971 746 in
1007 706 1230 746 universum
1258 707 1349 746 Eur.
1378 705 1419 745 in
1446 704 1717 746 describendis
1743 705 1916 746 moribus
1942 705 2133 758 peccavit,
2159 703 2446 757 perspiciamus

129 776 224 826 jam,
254 769 448 823 quomodo
475 775 682 824 praeterea
708 786 838 815 mores
861 773 901 814 in
928 778 1061 815 nostra
1088 773 1223 815 fabula
1250 777 1465 826 congruant
1492 785 1580 813 cum
1607 773 1852 814 Aristoteleis
1879 772 2143 826 praescriptis.
2187 772 2233 813 In
2260 771 2446 812 Hecubae

133 841 302 881 moribus
329 839 510 891 neglecta
537 840 607 880 illa
633 854 712 881 non
740 847 842 882 sunt.
887 842 1033 882 Verum
1061 842 1219 893 quidem
1247 846 1318 893 est,
1347 842 1451 893 quod
1467 842 1713 893 Schlegelius
1727 842 1775 895 Ιὅ)
1803 841 1907 892 dicit,
1923 842 2137 892 Hecubam,
2166 852 2266 892 quae
2280 839 2447 892 primum

133 921 230 949 anus
257 907 454 948 imbecilla
477 907 667 959 senioque
695 909 876 950 confecta
903 915 1105 961 appareat,
1133 909 1185 950 ad
1212 914 1449 961 postremum
1467 910 1508 949 in
1526 909 1802 962 persequenda
1829 910 1975 950 ultione
2002 921 2254 961 permagnam
2280 919 2375 960 prae
2403 919 2447 947 se

133 979 237 1018 serre
270 976 392 1017 animi
422 977 699 1027 praesentiam.
754 979 841 1018 Nec
874 982 1005 1019 tamen
1038 991 1126 1019 eam
1160 979 1210 1019 ob
1245 990 1404 1018 causam
1429 983 1549 1029 poeta
1575 978 1615 1018 in
1641 978 1968 1029 vituperationem
1996 977 2272 1029 descriptionis
2299 987 2448 1016 morum

133 1058 212 1086 non
239 1043 460 1096 aequabilis
477 1042 631 1096 incidit3
658 1057 828 1096 namque
846 1045 914 1086 illa
940 1045 1101 1087 mutatio
1128 1045 1271 1098 optime
1299 1044 1383 1086 fluit
1401 1058 1450 1085 ex
1470 1044 1628 1085 fabulae
1648 1044 1944 1098 compositione.
1989 1045 2050 1085 Ita
2067 1044 2170 1085 enim
2187 1043 2264 1085 fert
2281 1041 2449 1084 hominis

134 1118 285 1162 natura,
314 1116 355 1152 ut
383 1111 536 1151 animus
564 1113 657 1152 mali
683 1113 834 1163 aliquid
861 1113 1133 1166 praesentiens
1152 1126 1278 1165 neque
1306 1119 1413 1154 certo
1433 1113 1562 1153 sciens
1590 1113 1733 1153 anxius
1759 1117 1877 1165 atque
1894 1113 2072 1165 trepidus
2090 1112 2272 1165 pendeat,
2302 1110 2450 1151 obortis

135 1195 230 1222 vero
253 1183 337 1232 jam
365 1179 478 1219 malis
507 1180 583 1220 etsi
611 1180 834 1221 durissimis
862 1195 998 1222 omnes
1026 1182 1130 1222 vires
1159 1182 1328 1233 colligat.
1373 1182 1440 1222 Sic
1459 1183 1555 1222 Hec.
1583 1195 1751 1234 quoque,
1770 1181 1864 1221 dum
1882 1181 2082 1221 nocturnis
2100 1181 2334 1221 somniorum
2351 1179 2451 1219 visis

136 1247 343 1301 perterrita
372 1247 478 1287 mala
505 1247 581 1287 sibi
610 1247 822 1298 liberisque
841 1248 923 1288 suis
942 1248 1188 1289 imminentia
1213 1249 1446 1302 suspicatur,
1474 1262 1561 1288 cum
1579 1249 1919 1289 lamentationibus
1938 1248 2035 1288 deos
2062 1251 2253 1301 precatur,
2281 1251 2322 1286 ut
2340 1259 2450 1286 aver-

134 1321 297 1357 runcent
330 1316 460 1356 sutura
493 1317 610 1357 mala.
666 1317 878 1367 Postquam
911 1318 1074 1358 duorum
1101 1318 1310 1359 liberorum
1346 1332 1435 1367 nex,
1464 1331 1543 1368 qua
1568 1321 1696 1369 majus
1724 1318 1908 1359 duriusve
1935 1318 2079 1359 malum
2105 1317 2284 1358 accidere
2310 1317 2347 1357 ei
2372 1329 2451 1357 non

137 1389 301 1438 poterat,
332 1397 486 1426 omnem
513 1397 625 1437 spem
654 1387 740 1437 ejus
767 1385 884 1438 plane
914 1386 1111 1437 exstinxit,
1145 1387 1234 1438 ipsa
1261 1387 1458 1439 praesenti
1492 1392 1612 1438 atque
1644 1386 1734 1427 forti
1762 1386 1892 1427 animo
1918 1385 2146 1438 aggreditur
2171 1384 2224 1425 ad
2250 1396 2399 1437 poenas
2426 1397 2451 1423 a

136 1453 403 1504 Polymestore
438 1453 685 1504 repetendas.
741 1453 903 1493 Accedit
937 1454 1044 1504 quod
1077 1466 1156 1494 non
1187 1458 1348 1506 repente
1383 1458 1500 1505 atque
1533 1453 1676 1506 raptim
1703 1465 1753 1492 ex
1786 1465 1864 1493 anu
1890 1453 2089 1493 imbecilla
2113 1457 2230 1504 atque
2257 1452 2384 1491 fracta
2409 1450 2453 1490 fit

136 1523 274 1561 leaena
302 1522 441 1561 catulis
469 1522 619 1571 orbata,
648 1534 783 1562 verum
811 1523 974 1563 mutatio
1002 1523 1072 1562 illa
1098 1522 1244 1562 sensim
1271 1527 1390 1572 atque
1419 1522 1611 1573 gradatim
1628 1521 1671 1561 fit
1697 1526 1736 1561 et
1762 1521 1906 1573 optime
1924 1521 2070 1573 pendet
2098 1534 2147 1562 ex
2174 1520 2339 1561 actionis
2364 1533 2452 1572 pro-

136 1602 285 1640 gressu.
332 1589 503 1629 Primum
523 1589 686 1641 quidem
705 1590 883 1641 reginam
903 1590 1013 1631 senio
1033 1589 1252 1630 confectam
1281 1594 1319 1630 et
1348 1590 1487 1630 baculo
1515 1589 1765 1641 humerisque
1784 1588 2014 1629 famularum
2040 1589 2211 1629 innixam
2239 1601 2261 1629 e
2287 1588 2453 1629 tentorio

135 1655 455 1709 progredientem
485 1657 685 1709 videmus3
713 1658 810 1698 diris
839 1658 1046 1698 insomniis
1073 1661 1218 1697 vexata
1244 1657 1453 1708 angoribus
1481 1657 1680 1698 conficitur
1698 1661 1738 1697 et
1755 1656 1910 1697 consilii
1927 1657 2138 1708 auxiliique
2157 1657 2270 1708 inops
2287 1654 2452 1697 effundit

138 1724 438 1764 lamentationes
459 1730 498 1764 et
525 1726 784 1776 precationes,
813 1738 915 1776 quae
942 1725 994 1764 ad
1014 1738 1203 1765 summum
1222 1725 1393 1775 veniunt,
1414 1725 1575 1764 simulac
1593 1738 1664 1775 per
1690 1725 1866 1776 captivas
1883 1725 2069 1765 mulieres
2097 1725 2289 1775 Trojanas
2313 1724 2456 1763 certior

137 1792 245 1832 facta
282 1796 355 1841 est,
388 1793 441 1832 ab
476 1792 637 1833 Achivis
674 1791 875 1832 decretum
910 1805 1012 1843 esse,
1045 1797 1088 1832 ut
1120 1792 1385 1832 immolaretur
1418 1792 1636 1844 Polyxena.
1689 1793 1794 1832 Dum
1825 1791 1956 1833 Ulixis
1983 1791 2154 1832 animum
2179 1791 2336 1832 flectere
2364 1795 2401 1831 et
2429 1804 2454 1831 a

140 1859 305 1899 consilio
333 1871 520 1899 revocare
548 1859 691 1910 studet,
719 1872 807 1899 cum
833 1859 1010 1911 longiore
1039 1860 1284 1900 contentione
1312 1864 1393 1900 tum
1420 1859 1525 1900 filiae
1552 1859 1673 1899 animi
1699 1859 1968 1910 magnitudine
1995 1860 2084 1911 ipsa
2111 1860 2166 1899 ita
2193 1859 2453 1908 confirmatur,

139 1930 180 1966 ut
206 1926 263 1966 illi
291 1926 484 1978 virginem
510 1927 728 1968 abducturo
756 1928 829 1968 etsi
855 1927 1010 1978 frustra,
1039 1928 1191 1968 fortiter
1217 1932 1348 1969 tamen
1366 1928 1548 1969 resistere
1567 1932 1727 1969 conetur
1754 1932 1794 1968 et
1819 1932 1970 1980 postea,
1990 1927 2203 1980 Talthybio
2230 1927 2269 1967 in
2297 1939 2454 1968 scenam

140 1994 373 2047 prodeunte,
401 2008 445 2036 se
472 1998 598 2048 ipsam
626 2010 782 2048 quoque
808 1996 861 2038 ad
888 1997 1125 2049 supplicium
1152 1996 1364 2038 abductum
1396 1996 1443 2037 iri
1471 2010 1637 2049 sperans
1664 1997 1768 2038 laeto
1796 2001 1912 2048 atque
1944 1996 2065 2038 alacri
2101 1996 2229 2037 animo
2261 1995 2375 2037 morti
2412 2009 2456 2037 se

142 2063 284 2103 offerre
313 2064 449 2115 possit.
509 2064 625 2111 Quod
653 2064 694 2104 in
721 2065 809 2116 ipso
837 2065 1023 2116 temporis
1051 2069 1206 2117 puncto,
1235 2077 1310 2115 quo
1339 2064 1478 2105 Ulixes
1505 2065 1695 2116 virginem
1723 2065 1901 2116 abducit,
1933 2065 2150 2118 procumbit
2176 2068 2294 2115 atque
2322 2063 2457 2104 exani-

144 2136 274 2174 matae
308 2131 434 2174 instar
469 2131 577 2173 humi
606 2134 732 2185 jacet,
765 2132 805 2174 in
843 2146 890 2175 eo
927 2147 1040 2176 nemo
1068 2133 1253 2186 offendet,
1279 2133 1345 2186 qui
1374 2133 1625 2186 cogitaverit,
1654 2134 1772 2176 etiam
1799 2134 1942 2186 virum,
1972 2133 2034 2176 cui
2061 2137 2309 2187 praematura
2332 2136 2456 2174 morte

143 2212 297 2240 amores
332 2205 371 2240 et
405 2200 573 2241 deliciae
602 2202 829 2254 eripiantur,
858 2202 987 2254 frangi
1021 2215 1155 2256 posse,
1184 2202 1329 2242 nedum
1356 2202 1562 2254 frangatur
1586 2203 1727 2243 mulier
1755 2207 1793 2243 et
1821 2207 2023 2243 senectute
2051 2206 2089 2243 et
2115 2202 2228 2243 malis
2255 2213 2458 2254 oppressa.

146 2268 319 2319 Egregia
347 2269 554 2320 Talthybii
583 2270 804 2310 narratione
832 2270 882 2310 de
902 2271 1129 2323 Polyxenae
1156 2271 1197 2311 in
1215 2271 1304 2323 ipsa
1330 2276 1453 2311 morte
1470 2270 1690 2311 constantia
1716 2275 1834 2321 atque
1853 2271 2034 2322 virginali
2053 2271 2302 2320 verecundia,
2329 2281 2458 2320 neque

145 2336 276 2375 minus
311 2336 475 2377 consilio
508 2337 613 2386 quod
647 2339 752 2389 capit
785 2340 1036 2390 sepeliendae
1064 2340 1186 2390 filiae,
1221 2341 1351 2380 animo
1379 2339 1629 2379 confirmatur
1654 2338 1706 2378 ad
1734 2339 2027 2390 perpetiendum
2054 2339 2365 2388 acerbissimum,
2394 2338 2459 2387 qui

145 2404 182 2444 ei
217 2404 409 2455 imminet,
446 2403 633 2446 dolorem.
688 2407 893 2459 Polyxena
924 2408 1039 2448 matri
1078 2413 1215 2461 erepta
1248 2412 1332 2449 erat
1365 2408 1417 2448 ab
1450 2406 1624 2457 Achivis,
1653 2406 1822 2448 dominis
1849 2407 1990 2458 quibus
2023 2420 2139 2449 serva
2168 2406 2331 2448 inferior
2363 2411 2459 2457 erat,

145 2472 327 2514 manibus
356 2472 524 2513 Achillis
557 2473 719 2515 caedem
752 2476 1102 2529 expostulantibus,
1138 2490 1216 2529 quo
1250 2476 1333 2518 fieri
1360 2489 1438 2517 non
1465 2479 1629 2528 poterat,
1658 2475 1752 2527 quin
1777 2489 1921 2528 omnes,
1949 2475 2002 2517 ad
2029 2489 2128 2530 quas
2155 2475 2294 2529 regina
2319 2473 2460 2515 deduci

146 2545 312 2592 poterat,
347 2541 562 2580 ulciscendi
600 2543 854 2593 cogitationes
887 2557 1046 2596 prorsus
1080 2546 1349 2597 reficerentur,
1382 2543 1602 2596 Polydorus
1634 2556 1728 2584 vero
1761 2548 1923 2584 necatus
1955 2549 2015 2585 est
2046 2545 2098 2584 ab
2133 2543 2284 2595 hospite
2311 2542 2463 2594 perfido

146 2614 264 2661 atquc
291 2607 494 2661 religionis
523 2615 696 2662 experte,
725 2611 792 2663 qui
819 2625 928 2654 mera
954 2613 1145 2666 pecuniae
1173 2612 1363 2654 aviditate
1395 2611 1448 2653 ad
1476 2611 1748 2654 foedissimum
1781 2612 1909 2654 scelus
1936 2612 2152 2654 adducitur.
2207 2611 2333 2661 Quem
2369 2623 2462 2662 quo-

149 2677 278 2719 minus
306 2677 517 2718 ulciscatur
543 2678 639 2719 nihil
667 2680 799 2721 obstat
827 2680 1133 2723 concedentibus
1161 2681 1337 2723 Achivis.
1383 2681 1521 2731 Itaque
1550 2680 1688 2721 mulier
1714 2681 1956 2733 gravissimis
1983 2681 2099 2722 malis
2133 2684 2172 2722 et
2199 2678 2463 2721 acerbissimis

146 2746 347 2786 doloribus
383 2745 436 2784 ad
471 2746 751 2787 ferocissimam
778 2750 926 2788 rabiem
962 2754 1075 2800 rapta
1101 2750 1412 2790 crudelissimum
1440 2749 1595 2800 quidem
1622 2750 1694 2789 sed
1717 2751 1978 2802 justissimum
2006 2749 2239 2801 supplicium
2268 2748 2385 2788 sumit
2413 2747 2464 2787 de

148 2815 431 2867 Polymestore.
487 2814 554 2854 Sic
584 2816 770 2857 Hecubae
797 2830 926 2858 mores
960 2819 1161 2869 aptissime
1198 2818 1388 2870 descripti
1405 2824 1407 2826 ’
1423 2818 1633 2868 imaginem
1668 2818 1853 2868 efficiunt,
1889 2831 2006 2869 quam
2042 2830 2168 2868 neque
2200 2816 2464 2868 probabilitati

146 2897 275 2934 neque
310 2882 456 2923 fabulis
493 2883 706 2933 antiquitus
743 2885 896 2925 traditis
924 2899 1140 2938 repugnare
1174 2901 1394 2928 censemus.
1449 2887 1589 2936 Neque
1614 2887 1741 2926 minus
1768 2887 1807 2926 in
1834 2886 2062 2938 Polyxenae
2089 2885 2263 2925 moribus
2289 2897 2366 2924 non
2393 2889 2465 2932 est,

149 2951 254 3002 quod
283 2955 446 2991 auctore
475 2951 688 2991 Aristotele
715 2951 992 3003 vituperemus.
1047 2953 1246 3006 Virginem
1274 2955 1480 2995 honestam
1508 2953 1767 3005 conspicimus
1794 2953 1834 2993 in
1863 2953 2087 2994 servitutem
2115 2952 2336 3001 abductam,
2365 2964 2466 3002 quae

146 3021 286 3060 certior
321 3021 428 3058 facta
456 3019 506 3058 de
533 3020 771 3059 Achivorum
804 3020 961 3060 decreto
988 3022 1086 3073 regii
1114 3024 1270 3074 generis
1296 3036 1445 3062 memor
1471 3026 1633 3060 mortem
1660 3023 1834 3073 praefert
1860 3022 2109 3073 turpissimae
2138 3021 2311 3061 servituti
2338 3033 2466 3070 neque

340 3168 381 3207 ¹⁵)
417 3169 447 3201 in
471 3168 587 3201 scholis
611 3168 650 3200 de
674 3171 741 3201 arte
765 3169 901 3202 scenica.
925 3169 1012 3209 (Ορρ.
1038 3170 1088 3202 ed.
1112 3170 1275 3211 Boccking.
1300 3172 1331 3204 T.
1356 3171 1387 3203 V.
1411 3178 1439 3210 p.
1466 3170 1557 3207 tot.)
