2634 3430
1268 70 1324 117 17

144 208 280 236 verum
306 193 447 246 „quasi
473 194 582 235 coelo
609 194 786 235 demissa
811 195 1002 246 videtur‚“
1029 199 1072 235 ut
1097 197 1341 247 spectatores
1366 193 1417 233 110
1445 193 1604 233 fabulae
1630 198 1861 245 argumento
1879 193 2067 234 certiores
2084 193 2216 244 faciat,
2243 206 2320 244 quo
2348 194 2455 235 facto

143 262 353 317 agentibus
379 262 562 314 personis
591 261 722 304 locum
747 261 938 304 concedit.
984 261 1189 316 Ejusmodi
1212 260 1399 315 prologos
1413 259 1633 302 Ellendtius
1658 264 1882 302 mutim
1907 260 2096 303 nominat.
2140 259 2229 310 Qua
2254 260 2306 303 110
2333 275 2456 304 causa

144 330 350 383 Euripidei
381 331 535 384 prologi
565 331 727 371 multam
753 330 955 371 subierunt
978 330 1307 384 vituperationem
1337 341 1427 369 cum
1462 333 1639 369 veterum
1663 334 1746 370 tum
1771 331 2034 372 recentiorum
2060 329 2293 370 criticorum.
2346 331 2455 372 Inter

143 400 232 439 illos
262 400 433 439 maxime
458 400 585 439 elucet
609 398 822 449 Aristoph.,
848 400 916 448 qui
949 400 991 439 in
1014 400 1184 439 Acharn.
1216 397 1273 452 (v.
1286 398 1353 437 46.
1367 396 1475 450 sqq.)
1499 401 1766 445 γοεαλογοῦηας
1791 399 1992 451 Euripidis
2016 398 2203 451 prologos
2228 399 2455 450 perstringit

144 471 184 508 et
207 467 250 508 in
275 467 375 509 Rau.
402 465 460 525 (v.
477 467 591 508 1177.
604 465 711 520 sqq.)
738 466 978 519 Aeschylum
1001 467 1152 509 inducit
1176 466 1342 508 exordia
1362 464 1585 506 fabularum
1602 464 1899 517 Euripidearum
1924 470 2070 516 ληκυθίῳ
2096 465 2284 518 adjuncto
2310 466 2454 508 discin-

143 535 312 588 dentem,
338 527 417 587 quo'
435 538 540 588 joco,
567 540 610 576 111
635 539 741 576 10010
761 534 915 587 judicat
933 536 1152 578 Ellendtius
1167 536 1217 591 ¹⁸)
1244 548 1331 577 cum
1359 533 1583 585 scholiasta,
1609 533 1666 579 τὴν
1691 534 1850 582 &poentio
1875 536 2080 577 cavillatur
2096 535 2360 588 prologorum,
2386 536 2454 587 qui

146 604 344 656 „omnium
360 603 444 643 fere
461 603 685 643 fabularum
710 603 831 643 iidem
857 603 936 643 sint
960 616 1034 644 nec
1059 604 1140 645 ulla
1164 604 1287 645 ferme
1305 615 1350 643 re
1376 601 1455 643 nisi
1471 600 1691 642 nominibus
1716 602 1872 644 mutatis
1890 603 2014 645 cuivis
2033 603 2195 645 fabulae
2212 603 2455 657 Euripideae

145 686 226 714 nen
260 672 393 713 minus
425 671 628 712 commode
660 671 815 723 possint
845 673 1027 724 praefigi,
1060 687 1177 725 quam
1207 674 1331 713 verba
1358 672 1428 711 illa
1447 670 1645 722 jocularia
1671 670 1847 723 (ληκύθιον
1871 673 2052 726 ἀπώλεσεν)
2079 673 2246 724 singulis
2271 673 2456 714 versibus

137 740 325 792 jambicis
338 739 570 781 addantur.“
608 738 672 779 Ad
690 739 794 779 hunc
805 741 939 791 jocum
957 745 1137 792 spectans
1156 740 1279 782 schol.
1296 740 1351 781 ad
1363 739 1455 780 Eur.
1470 738 1619 778 Phoeu.
1638 739 1727 778 309.
1743 751 1820 778 non
1846 738 1931 780 sine
1948 739 2233 792 vituperatione
2246 740 2456 781 dimetrum

143 808 384 849 trochaicum
415 807 687 848 catalecticum
722 807 898 856 τροχαῖκὸν
932 813 1143 859 ἑφθημιμερὲς
1169 810 1366 859 &tomitem
1396 807 1416 854 ἢ
1442 806 1600 853 ληκύθιον
1629 805 1736 846 dicit.
1789 806 2013 859 Hartungus
2039 807 2105 861 (E.
2119 820 2151 848 r.
2164 809 2196 849 L
2209 821 2250 861 p.
2265 809 2355 850 321.
2370 809 2455 863 sq.)

142 877 254 916 illum
272 879 409 927 jocum
434 876 488 915 ad
513 875 737 914 universum
763 887 888 927 genus
914 876 1083 927 dicendi,
1109 878 1214 928 quod
1238 877 1438 928 Aristoph.
1472 874 1588 915 nimis
1622 874 1777 925 subtile,
1804 877 1921 915 tenue
1948 875 2172 926 humileque
2190 888 2280 918 esse
2297 882 2452 930 arguat,

143 958 222 985 non
248 944 302 985 ad
327 944 512 996 prologos
538 944 642 984 solos
670 948 850 995 spectare
876 944 986 984 nulla
1010 945 1157 985 ratione
1178 945 1342 997 judicat.
1395 943 1508 984 Idem
1535 942 1781 994 antiquorum
1799 942 2030 994 scriptorum
2046 944 2241 985 neminem
2267 947 2454 997 prologos

144 1011 345 1065 Euripidis
371 1011 628 1064 vituperasse,
655 1011 727 1052 sed
753 1025 832 1053 1100
851 1024 918 1053 010
946 1025 1079 1053 omnes
1105 1013 1209 1053 laudi
1234 1012 1416 1053 tribuisse
1443 1011 1553 1063 dicit,
1581 1010 1623 1050 id
1651 1010 1757 1061 quod
1779 1011 2020 1062 argumentis
2043 1011 2269 1054 confirmare
2296 1015 2453 1055 omnino

143 1080 316 1133 negligit.
369 1080 489 1132 Atqui
523 1084 673 1120 tantum
707 1081 837 1131 abest,
875 1086 918 1122 ut
944 1081 1121 1134 Aristot,
1156 1081 1223 1133 qui
1254 1094 1332 1123 uno
1363 1084 1516 1121 tantum
1547 1079 1644 1120 artis
1677 1079 1858 1132 poeticae
1891 1079 1977 1120 1000
2009 1081 2237 1133 tragoediae
2268 1082 2453 1135 prologos

143 1149 305 1190 strictim
330 1149 496 1201 attingit,
523 1148 756 1202 Euripideos
782 1150 966 1203 prologos
997 1149 1116 1191 laude
1141 1150 1302 1202 afficiat,
1328 1154 1372 1190 111
1396 1150 1465 1189 1110
1491 1149 1580 1202 ipsa
1607 1161 1658 1189 ex
1685 1147 1912 1190 definitione
1938 1148 2174 1201 vituperatio
2200 1162 2335 1191 eorum
2362 1151 2455 1192 duci

143 1218 282 1269 possit.
334 1218 482 1258 Philos.
515 1218 620 1258 enim
652 1219 781 1271 (Poet.
800 1219 893 1258 XII.
908 1218 967 1270 4.)
993 1219 1194 1269 prologum
1223 1231 1310 1259 esse
1337 1219 1421 1258 vult
1445 1218 1641 1268 integram
1675 1221 1715 1257 et
1748 1217 2013 1257 necessariam
2038 1217 2264 1269 tragoediae
2289 1224 2472 1271 partem.-

144 1286 274 1335 Qunm
291 1289 423 1326 autem
449 1286 490 1327 in
507 1286 683 1338 generali
710 1286 938 1338 tragoediae
966 1286 1188 1328 definitione
1206 1286 1448 1338 tragoediam
1467 1297 1556 1326 esse
1583 1284 1692 1327 dieat
1716 1285 1973 1326 imitationem
1999 1285 2165 1327 actionis
2181 1299 2254 1338 per
2278 1293 2453 1340 agentes,

144 1367 222 1394 non
252 1348 325 1407 per
358 1354 621 1395 narrationem
648 1353 811 1408 (δρώντων
836 1357 891 1392 καὶ
918 1355 958 1393 οὗ
985 1354 1021 1393 δι’
1051 1354 1284 1408 ἀπαγγελίας),
1312 1367 1391 1405 qna
1421 1367 1465 1395 re
1497 1354 1551 1394 ab
1584 1366 1633 1394 ea
1666 1353 1822 1395 differat
1855 1353 1970 1406 epica
2001 1353 2151 1407 poesis,
2184 1354 2315 1407 itaque
2341 1355 2453 1398 diffe-

143 1423 307 1462 rentiam
333 1423 532 1474 utriusque
558 1424 692 1476 poesis
717 1423 759 1462 in
785 1424 942 1463 actione
968 1428 1036 1464 aut
1062 1424 1280 1464 narratione
1298 1427 1430 1476 ponat,
1457 1436 1537 1463 non
1563 1427 1694 1475 potest
1711 1423 1987 1473 narrationem,
2016 1423 2142 1474 qualis
2169 1423 2210 1463 in
2228 1424 2452 1476 Euripideis

142 1490 315 1542 prologis
347 1490 559 1541 invenitur,
585 1503 664 1530 non
696 1492 749 1530 ab
786 1492 889 1530 omni
915 1491 1118 1542 tragoedia
1145 1495 1260 1542 atque
1286 1492 1337 1530 ab
1368 1490 1549 1530 omnibus
1582 1490 1815 1541 tragoediae
1841 1490 2020 1542 partibus
2045 1502 2204 1542 prorsus
2231 1491 2452 1532 excludere.

143 1558 274 1599 Aliam
306 1558 347 1599 in
385 1558 713 1610 vituperationem
752 1560 903 1611 prologi
941 1559 1142 1611 Euripidei
1181 1559 1396 1599 inciderunt
1433 1562 1594 1610 propter
1634 1559 2024 1609 praenunciationem
2061 1571 2189 1598 rerum
2226 1559 2452 1600 futurarum.

142 1626 351 1668 Nonnullis
376 1626 482 1667 enim
508 1626 549 1667 in
576 1626 722 1670 fabulis
749 1627 848 1670 deus
874 1628 1079 1681 prologum
1106 1640 1228 1681 agens
1255 1626 1542 1680 spectatoribus
1569 1639 1649 1668 non
1677 1626 1803 1668 solum
1838 1626 2132 1679 antecedentia,
2168 1639 2301 1668 verum
2333 1627 2452 1669 etiam

141 1695 308 1734 actionis
334 1707 583 1746 progressum
609 1700 648 1734 et
675 1697 823 1735 exitum
849 1697 966 1736 modo
993 1696 1182 1736 occultius
1207 1695 1320 1734 modo
1348 1695 1523 1747 apertius
1550 1695 1820 1747 praenunciat.
1875 1695 2107 1748 Cujmsmodi
2132 1695 2315 1748 prologos
2336 1709 2452 1746 prae-

137 1769 361 1811 paratorios
395 1778 523 1814 neque
559 1760 677 1815 apud
701 1767 845 1804 Aesch.
880 1779 1008 1817 neque
1044 1765 1149 1816 apud
1178 1765 1316 1815 Soph.,
1358 1777 1494 1803 verum
1537 1765 1645 1815 apud
1680 1777 1802 1803 11111110
1843 1766 1936 1803 Ε111.
1976 1765 2162 1814 10100111,
2202 1770 2308 1804 recte
2343 1770 2453 1805 notat

143 1831 443 1885 Boeekhius.¹⁹)
497 1831 613 1881 Quod
645 1832 844 1885 Euripidis
876 1834 1092 1875 institutum
1127 1847 1153 1874 a
1184 1833 1379 1874 veteribus
1412 1832 1556 1873 criticis
1598 1832 1716 1873 laude
1748 1833 1944 1872 affectum*
1975 1845 2065 1873 esse
2100 1832 2195 1872 dicit
2230 1833 2452 1886 Hastungus

145 1899 212 1953 (E.
228 1913 259 1941 r.
274 1901 306 1941 I.
319 1913 359 1953 p.
374 1900 497 1954 322),
530 1901 583 1941 ad
614 1903 726 1953 quus
761 1901 818 1942 rei
854 1902 1119 1944 testimouium
1152 1902 1203 1942 ab
1239 1913 1284 1942 eo
1311 1905 1471 1941 vocatur
1497 1901 1673 1942 Thomas
1704 1901 1907 1953 Magister,
1935 1901 2085 1942 saeculi
2110 1901 2218 1941 XIV.
2246 1914 2285 1954 p.
2313 1901 2385 1942 Ch.
2413 1916 2452 1943 n.

142 1969 430 2020 grammaticus,
459 1972 570 2021 cujus
598 1970 638 2009 in
656 1971 787 2011 verbis
814 1971 920 2011 haud
948 1971 1029 2011 scio
1057 1983 1108 2010 an
1126 1971 1232 2011 nulla
1248 1971 1332 2010 laus
1350 1970 1454 2021 insit,
1481 1982 1601 2021 quum
1619 1969 1851 2022 simpliciter
1877 1969 1984 2009 dicat
2003 1969 2179 2023 (synope.
2199 1969 2302 2010 vitae
2321 1970 2453 2024 Eur.):

141 2038 245 2074 πολλὰ
276 2038 342 2086 γὰρ
376 2039 419 2079 εἷς
444 2038 500 2083 τὴν
536 2043 644 2084 τέχνην
675 2045 803 2088 ἐξεῦρεν,
837 2040 858 2075 ἃ
885 2040 1090 2082 οὗδειςτιςοῦν
1120 2057 1158 2088 γε
1190 2042 1249 2076 τῶν
1283 2040 1348 2088 πρὸ
1381 2038 1496 2075 αὐτοῦ·
1525 2037 1562 2074 τό
1589 2054 1623 2075 τε
1656 2039 1723 2088 γὰρ
1750 2044 1782 2075 ἐν
1808 2039 1892 2088 ἀρχῇ
1919 2042 1978 2076 τοῦ
2004 2038 2167 2087 δράματος
2199 2039 2255 2083 τήν
2287 2039 2454 2077 ὑπόθεσιν

141 2108 317 2144 διατυποῦν
349 2109 405 2144 καὶ
437 2106 493 2144 τὸν
529 2106 692 2156 ἀκροατὴν
726 2107 829 2158 ὥςπερ
857 2113 1066 2158 χειραγωγεῖν
1097 2110 1140 2151 εἰς
1170 2108 1209 2146 τὸ
1239 2109 1419 2156 ἔμπροςθεν
1453 2107 1632 2156 Εὐριπίδου
1662 2110 1811 2155 τέχνημα.
1871 2107 1976 2153 Inter
2020 2106 2258 2148 recentiores
2296 2106 2453 2148 criticos

142 2174 398 2225 gravissimus
424 2174 626 2226 Euripidis
653 2174 849 2228 defensor,
876 2177 1115 2230 Lessing-ius,
1141 2178 1226 2229 ejus
1251 2174 1432 2227 prologos
1459 2174 1510 2214 ab
1538 2174 1644 2214 omni
1672 2174 1958 2227 vituperatione
1985 2174 2185 2215 vindicare
2213 2179 2374 2215 conatus
2401 2188 2454 2216 ex

141 2244 219 2283 ista
243 2256 372 2283 rerum
398 2243 611 2283 futurarum
637 2245 986 2296 praenunciatione
1013 2246 1182 2285 maxime
1207 2242 1532 2296 pulchritudinem
1558 2242 1669 2282 nasci
1696 2248 1816 2295 atque
1842 2243 1944 2283 adeo
1970 2247 2128 2295 poetam
2151 2247 2310 2295 propter
2336 2243 2454 2284 istam

147 2312 533 2363 praenunciationem
558 2312 675 2353 finem
702 2313 931 2364 tragoediae
958 2315 1011 2354 ab
1037 2314 1196 2354 Aristot.
1223 2311 1461 2364 propositum
1485 2312 1655 2352 maxime
1683 2317 1937 2352 consecutum
1964 2324 2052 2352 0880
2074 2312 2229 2362 judicat
2255 2312 2300 2364 (l.
2315 2325 2349 2352 c.
2365 2325 2453 2363 cap.

142 2381 206 2419 48.
223 2378 321 2433 49.).
364 2379 416 2419 At
442 2379 676 2432 exemplum,
705 2379 811 2431 quod
837 2380 963 2434 affert,
997 2395 1076 2423 non
1101 2377 1383 2422 accommodari
1409 2381 1541 2431 potest
1566 2378 1619 2419 ad
1645 2392 1782 2420 omnes
1810 2377 2012 2431 Euripidis
2038 2378 2234 2431 prologos.
2284 2379 2331 2419 ln
2358 2379 2454 2420 Ione

142 2447 246 2488 enim
272 2447 410 2488 fabula
435 2448 648 2488 Mercurius
685 2450 972 2501 spectatoribus
1004 2449 1276 2503 praenunciat,
1304 2447 1346 2487 id
1373 2447 1484 2498 quod
1510 2448 1709 2499 agentium
1735 2460 1851 2488 nemo
1879 2448 1967 2498 scit,
1996 2448 2133 2488 Ionem
2158 2459 2249 2488 esse
2278 2447 2455 2488 Creusae

140 2516 270 2567 filium,
297 2516 433 2566 itaque
459 2516 608 2556 indicat
633 2517 801 2558 actionis
827 2518 1132 2571 implicationem
1159 2531 1208 2557 ex
1234 2517 1308 2556 hac
1332 2515 1532 2566 agentium
1558 2516 1715 2556 inscitia
1740 2516 1938 2566 orituram,
1966 2515 2017 2555 de
2036 2515 2143 2555 exitu
2169 2515 2333 2555 fabulae
2360 2516 2457 2555 nihil

139 2583 385 2636 praedicens.
440 2583 713 2626 Concedamus
741 2598 836 2627 vero
868 2586 1090 2638 Lessingio,
1129 2586 1170 2626 in
1206 2585 1274 2626 illa
1308 2583 1443 2624 fabula
1474 2585 1663 2635 majorem
1694 2588 1839 2624 metum
1865 2585 2136 2635 majoremque
2162 2583 2456 2625 miserationem

140 2656 403 2704 spectatorum
431 2652 629 2703 concitari,
656 2653 692 2694 si
717 2654 768 2694 ab
796 2654 908 2695 initio
936 2655 1132 2707 cognitum
1158 2654 1338 2703 habeant,
1366 2651 1555 2692 Creusam
1581 2664 1669 2692 esse
1696 2656 1860 2692 matrem
1879 2652 2060 2704 ejusdem
2078 2652 2199 2704 Ionis,
2227 2665 2345 2704 quem
2368 2653 2457 2705 ipsa

140 2721 394 2763 interfectura
420 2721 493 2774 sit3
521 2721 841 2773 quandoquidem
867 2723 954 2777 ipse
990 2723 1177 2775 concedit,
1205 2722 1310 2763 illam
1335 2732 1463 2762 rerum
1483 2719 1743 2772 coguitionem
1770 2720 1885 2762 nobis
1911 2720 2164 2763 artificiosius
2189 2733 2309 2774 posse
2336 2721 2455 2773 injici,

141 2801 257 2839 quam
291 2790 383 2830 Eur.
416 2790 566 2831 fecerit.
621 2790 770 2838 Quodsi
801 2804 896 2833 vero
927 2792 1021 2833 illud
1053 2792 1094 2832 in
1122 2803 1254 2833 omnes
1281 2788 1478 2840 Euripidis
1503 2788 1729 2839 tragoedias
1756 2788 1956 2839 transfert,
1983 2802 2064 2830 non
2089 2802 2298 2842 possumus
2325 2790 2378 2830 ab
2405 2803 2453 2830 00

139 2870 218 2898 000
260 2857 478 2911 dissentire,
513 2872 643 2910 quum,
678 2864 721 2899 ut
752 2865 884 2902 nostra
917 2861 1055 2902 fabula
1086 2860 1262 2912 exemplo
1302 2862 1466 2907 utamur,
1502 2857 1617 2897 nobis
1656 2869 1890 2908 persuasum
1934 2857 2003 2908 sit,
2042 2871 2122 2899 non
2158 2858 2346 2898 minorem
2380 2870 2452 2898 nos

331 3032 375 3071 ΙΒ)
408 3032 548 3065 Ε110011111
571 3032 610 3065 de
633 3033 761 3072 tragicis
784 3034 911 3067 Graecis
934 3035 1081 3074 imprimis
1094 3034 1235 3073 Euripide
1258 3041 1296 3065 ex
1319 3032 1456 3071 ipsorum
1479 3033 1583 3064 aetate
1607 3033 1638 3063 et
1660 3032 1856 3070 temporibus
1875 3033 2054 3072 judicandis
2076 3033 2312 3072 sequanamque
2330 3032 2455 3071 iudiciis

404 3084 641 3125 commentat-im
665 3094 693 3126 p.
719 3086 772 3121 19.

329 3142 372 3176 ¹⁹)
404 3143 435 3175 iu
457 3144 559 3176 libello
582 3145 621 3177 de
645 3144 783 3178 Graecae
805 3145 986 3185 tragoediae
1008 3145 1194 3185 principibus
1215 3144 1344 3182 script03
1368 3150 1396 3181 p.
1419 3142 1489 3174 215.
2223 3192 2279 3211 m*

2202 3195 2219 3225 2
2237 3205 2240 3208 ,
2256 3205 2259 3208 .
