2634 3430
1281 96 1309 145 9

141 225 248 266 mala
276 221 522 274 accidissent,
557 235 625 264 cur
656 222 763 264 solos
796 220 998 273 conjunxit
1023 220 1261 273 Polydorum
1293 226 1333 262 et
1363 220 1619 273 Polyxenam,
1653 220 1796 272 quibus
1826 219 1895 262 illa
1926 220 2143 277 orbaretur,
2171 231 2288 272 quum
2313 219 2455 260 eodem

136 296 228 348 Jure
254 292 371 335 etiam
396 295 454 334 tot
478 290 579 334 alios
604 290 706 334 filios
732 294 773 332 et
797 289 1022 332 universum
1046 289 1156 332 urbis
1183 290 1378 332 excidium
1403 288 1614 330 adnectere
1640 289 1863 341 potuerit‘ss‘
1888 289 1954 330 Ad
1980 302 2083 341 quae
2101 290 2218 329 Hart:
2246 289 2452 339 „Omnium

141 363 350 403 liberorum
379 359 581 401 interitum
612 371 700 400 cum
731 358 918 399 universo
942 357 1053 399 urbis
1079 357 1232 400 excidio
1259 359 1294 401 si
1320 359 1416 400 Eur.
1441 361 1791 412 repraesentasset,
1818 370 1864 401 se
1890 358 1946 400 ait
1971 357 2228 412 probaturum
2253 357 2316 398 vir
2341 369 2454 409 saga·

142 431 361 472 cissimus.“
406 431 458 469 At
484 433 672 481 quantum
695 428 812 479 absit,
838 432 883 467 ut
906 427 967 467 vir
984 426 1122 468 illustr.
1149 428 1267 469 talem
1294 428 1473 469 fabulam
1499 431 1660 479 propter
1677 427 1814 468 solam·
1827 427 2020 468 factorum
2036 425 2327 468 multitudinem
2353 438 2454 466 com·

141 498 383 551 probaverit,
415 510 532 538 nemo
563 509 643 537 non
675 496 880 547 intelliget,
912 495 979 546 qui
999 495 1041 535 in
1071 497 1394 537 commentatione
1406 497 1457 549 ¹²)
1490 499 1577 547 eJus
1610 496 1763 547 legerit,
1796 501 1836 536 et
1866 497 2025 537 laudem
2055 500 2096 535 et
2128 495 2456 546 vituperationem

139 578 300 619 semper
315 565 491 619 pendere
509 576 561 605 ex
578 563 770 605 factorum
793 562 1067 616 conjunctione
1084 567 1153 604 aut
1169 568 1264 617 apta
1291 568 1359 606 aut
1378 564 1526 617 inepta.
1571 563 1715 605 Cetera
1731 575 1834 616 quae
1852 563 1903 606 de
1919 564 2085 617 pulchra
2100 563 2269 606 duarum
2286 562 2456 615 partium

140 634 354 675 concordia
379 634 488 685 dicit,
515 638 559 674 ut
584 645 681 673 vera
707 633 798 683 sint,
824 631 984 672 minime
1009 636 1141 672 tamen
1166 633 1347 674 refellere
1373 636 1552 686 possunt,
1580 630 1687 682 quod
1713 631 1890 685 Euripidi
1916 632 2013 673 vitio
2039 631 2168 683 datur,
2194 636 2332 685 partes
2357 630 2459 671 inter

140 715 187 743 se
220 702 379 743 minime
412 705 641 754 conjunctas
675 713 765 742 esse
797 704 848 751 et,
882 700 1020 751 quales
1049 713 1153 741 nunc
1184 701 1271 754 sint,
1298 702 1437 743 tollere
1467 700 1635 742 actionis
1660 700 1862 741 unitatem.
1913 700 2096 752 Namque
2123 713 2243 742 unum
2270 699 2325 750 id,
2353 698 2459 750 quod

143 774 279 811 contra
312 770 411 811 haec
441 769 602 823 profert,
636 770 672 811 si
703 782 787 811 rem
817 768 958 809 leviter
989 769 1113 810 oculis
1138 771 1410 821 percurrimus,
1436 769 1642 822 permagni
1668 768 1856 809 momenti
1882 781 1971 810 esse
1996 769 2165 821 videtur,
2191 767 2265 809 sed
2291 782 2335 809 re
2362 780 2460 808 vera

142 837 302 879 ιιιὶιιίιιιθ
333 837 390 879 illi
423 838 640 880 sententiae
678 841 884 890 repugnat.
938 836 1080 878 Totam
1111 838 1214 878 enim
1253 838 1430 878 fabulam
1469 838 1675 878 Hecubam
1711 838 1763 876 ab
1795 837 1954 876 Aristot.
1991 837 2192 876 laudatam
2229 849 2321 877 esse
2360 837 2459 875 dicit

145 905 255 945 Hart.
314 905 545 959 Philosophi
577 909 709 947 autem
735 905 859 946 verba
884 904 985 945 haec
1002 908 1092 945 sunt
1109 904 1236 959 (Poet.
1254 905 1404 946 XVIII.
1421 905 1520 959 17.):
1553 906 1628 943 ὅσοι
1652 909 1766 955 πέρσαν
1790 904 1892 943 Ἰλίυυ
1923 905 1998 952 ὅλην
2022 908 2190 951 ἐποιησαν,
2220 907 2276 942 καὶ
2300 904 2345 953 μὴ
2371 904 2457 942 κατὰ

138 979 246 1023 μέρος,
270 975 382 1024 ὥσπερ
398 975 572 1024 Εὐριπίδης
584 974 734 1023 Ἑκάβην,
759 973 781 1021 ἢ
808 974 917 1023 ὥσπερ
944 973 1112 1020 Αἰσχύλος.
1142 972 1163 1020 ἢ
1188 976 1393 1011 ἐκπίπτουσιν
1409 972 1430 1019 ἢ
1445 977 1551 1017 κακῶς
1569 973 1788 1023 ιῖγωνίζονται.
1833 973 2007 1015 Primum
2024 973 2184 1026 quidem
2197 971 2456 1014 dubitandum

144 1048 218 1093 est,
251 1055 397 1083 verene
425 1044 523 1083 haec
550 1043 787 1083 Aristotelea
813 1043 891 1082 sint
916 1054 969 1081 an
995 1041 1205 1081 subditicia
1229 1042 1364 1082 verba.
1409 1042 1613 1093 Gruppius
1641 1042 1746 1081 enim
1771 1046 1929 1093 praeter
1945 1042 2025 1081 alia
2048 1046 2290 1093 argumenta,
2318 1042 2458 1093 quibus

144 1110 355 1151 nonnullos
372 1110 631 1151 Aristoteleae
650 1109 745 1151 artis
762 1109 944 1162 poeticae
961 1108 1070 1149 locos
1088 1108 1316 1151 subditicios
1342 1122 1432 1151 esse
1450 1110 1592 1162 probat
1610 1110 1656 1164 (l.
1672 1122 1705 1150 c.
1719 1122 1759 1162 p.
1769 1110 1859 1150 552.
1873 1109 1994 1164 sqq.),
2013 1122 2062 1151 ea
2079 1121 2236 1161 quoque
2251 1122 2294 1150 re
2311 1109 2457 1160 nititur,

144 1177 251 1229 quod
277 1178 395 1219 Arist.
423 1179 579 1220 fabulas
606 1177 779 1229 exempli
807 1190 929 1218 causa
955 1177 1158 1229 proferens
1183 1190 1335 1230 semper
1361 1190 1456 1219 usus
1484 1179 1535 1218 sit
1561 1178 1739 1228 articulo,
1768 1178 2067 1219 scholiastarum
2095 1190 2189 1218 vero
2217 1178 2457 1218 consuetudo

144 1246 208 1296 sit,
234 1246 440 1286 articulum
467 1246 658 1287 omittere.
702 1247 790 1286 Nec
815 1244 953 1297 negari
971 1248 1111 1297 potest,
1137 1250 1288 1286 veteres
1306 1245 1539 1298 interpretes
1567 1251 1607 1286 et
1632 1246 1867 1287 scholiastas
1888 1245 2086 1298 *perfacile
2104 1245 2250 1286 adduci
2267 1246 2456 1298 potuisse,

143 1320 186 1353 ut
209 1327 280 1355 suo
307 1315 497 1354 arbitratu
523 1314 706 1365 exempla
731 1313 935 1353 adderent.
980 1313 1034 1353 Ut
1060 1325 1153 1353 vero
1179 1314 1295 1354 Arist.
1321 1314 1406 1366 ipse
1432 1314 1500 1354 illo
1518 1314 1605 1354 loco
1633 1314 1816 1367 exempla
1832 1314 2092 1367 proposuerit,
2118 1319 2252 1356 tamen
2280 1315 2320 1354 in
2346 1314 2457 1355 libris

144 1382 299 1435 scriptis
324 1383 518 1423 invenitur
548 1382 685 1431 Νιόβην,
712 1397 791 1424 non
812 1382 965 1430 Ἑκάβην,
993 1394 1095 1432 quae
1127 1382 1243 1423 lectio
1270 1388 1355 1423 orta
1389 1389 1449 1424 est
1482 1377 1712 1435 conjectura
1742 1383 2001 1423 recentiorum
2033 1384 2302 1436 interpretum,
2336 1396 2457 1434 quum

143 1464 169 1490 a
195 1451 300 1490 nullo
326 1451 402 1490 alio
429 1456 606 1490 veterum
638 1452 870 1502 scriptorum
897 1451 1013 1490 nobis
1045 1450 1228 1490 traditum
1255 1451 1315 1501 sit,
1343 1450 1573 1502 Euripidem
1599 1451 1776 1490 fabulam
1803 1453 1959 1490 Nioben
1986 1451 2203 1503 scripsisse.
2257 1452 2312 1492 Ut
2337 1451 2456 1492 Arist.

144 1517 316 1569 denique
343 1518 544 1571 scripserit
565 1519 716 1567 Ἑκάβην,
743 1519 839 1570 quid
861 1518 976 1575 aliud
1001 1519 1096 1571 phil.
1125 1519 1199 1559 illis
1228 1519 1358 1559 verbis
1384 1523 1527 1568 monet,
1556 1531 1676 1570 quam
1703 1523 1745 1558 ut
1771 1531 1987 1570 permagna
2005 1520 2187 1576 materia,
2214 1520 2324 1560 velut
2353 1520 2457 1560 exci-

144 1586 256 1627 dium
282 1586 439 1639 Trojae,
467 1599 545 1627 non
575 1591 659 1627 tota
685 1586 887 1640 redigatur
912 1586 955 1628 in
981 1599 1100 1627 unam
1126 1585 1309 1637 fabulam,
1337 1598 1472 1627 verum
1490 1586 1621 1639 potius
1639 1599 1712 1639 per
1738 1590 1872 1639 partes
1895 1586 1935 1626 in
1953 1587 2217 1640 compluribus
2242 1587 2457 1640 tragoediis

143 1660 348 1705 tractetur,
381 1655 422 1694 id
456 1655 560 1705 quod
593 1667 629 1694 e.
662 1668 701 1706 g.
735 1655 883 1694 factum
916 1656 967 1695 sit
996 1655 1038 1693 in
1065 1655 1161 1693 Hec.
1187 1655 1276 1694 Eur.
1329 1655 1526 1702 Quantum
1552 1667 1646 1694 vero
1673 1655 1799 1704 abest,
1825 1659 1868 1694 ut
1895 1654 1972 1695 illis
1999 1655 2133 1696 verbis
2160 1668 2312 1696 summa
2337 1656 2458 1697 totius

145 1723 306 1763 fabulae
324 1727 441 1773 atque
460 1723 754 1774 compositionis
773 1723 1017 1763 contineatur
1042 1723 1146 1763 laus!
1187 1723 1322 1773 Itaque
1348 1723 1471 1773 Hart„
1492 1736 1608 1773 quem
1634 1723 1686 1762 de
1714 1722 1870 1773 scriptis
1895 1723 2095 1774 Euripidis
2113 1724 2260 1774 optime
2279 1724 2459 1764 meritum

145 1802 234 1832 esse
261 1790 523 1832 libentissimo
541 1790 673 1833 animo
691 1790 928 1844 profitemur,
956 1790 1017 1842 iis,
1046 1801 1148 1841 quae
1174 1789 1223 1832 de
1249 1790 1400 1831 actione
1429 1790 1618 1831 Hecubae
1639 1790 1681 1831 in
1699 1789 1874 1831 medium
1900 1790 2073 1844 protulit,
2100 1791 2154 1831 ad
2169 1805 2281 1832 suam
2299 1805 2458 1834 causam

145 1871 217 1899 nos
244 1858 461 1911 perducere
487 1859 683 1910 nobisque
701 1859 943 1912 persuadere
961 1860 1108 1910 nequit,
1127 1859 1343 1900 Aristotelis
1370 1859 1421 1898 de
1447 1859 1597 1899 unitate
1614 1859 1862 1912 praescripta
1885 1859 1925 1899 in
1943 1864 2077 1901 nostra
2104 1860 2241 1901 fabula
2266 1873 2345 1901 non
2371 1873 2459 1902 esse

145 1927 337 1980 neglecta.
382 1927 531 1969 Facere
559 1928 664 1969 enim
690 1942 769 1970 non
786 1940 1006 1981 possumus,
1034 1927 1128 1979 quin
1148 1927 1380 1980 judicemus,
1407 1927 1508 1969 duas
1535 1928 1638 1979 illas,
1666 1929 1829 1979 quaein
1846 1929 1942 1969 Hec.
1960 1929 2092 1970 insunt
2110 1933 2256 1981 partes,
2275 1929 2460 1971 interiore

146 1996 302 2036 vinculo
329 1995 431 2036 inter
456 2009 500 2037 se
528 1999 758 2049 conjunctas
785 2010 864 2037 non
890 2008 994 2037 esse.
1040 1996 1087 2035 In
1112 2000 1273 2048 utraque
1292 1996 1448 2047 quidem
1473 2001 1587 2049 parte
1613 1997 1761 2049 primas
1788 2002 1923 2050 partes
1949 1998 2032 2049 agit
2059 1999 2242 2050 Hecuba3
2269 1999 2310 2039 in
2336 1999 2462 2040 altera

147 2064 251 2105 enim
283 2064 420 2115 regina
452 2066 611 2105 orbatur
641 2066 864 2117 Polyxena,
898 2078 1000 2116 quae
1035 2066 1204 2105 omnium
1235 2067 1319 2117 ejus
1343 2064 1509 2105 filiarum
1536 2066 1622 2106 sola
1646 2066 1798 2117 reliqua
1830 2070 1902 2117 est,
1930 2078 2122 2107 conserva
2144 2079 2229 2117 sua,
2261 2067 2303 2107 in
2336 2068 2463 2107 altera

148 2132 350 2173 ulciscitur
382 2132 632 2185 Polydorum,
667 2134 733 2186 qui
764 2133 931 2175 filiorum
964 2135 1052 2186 eJus
1084 2134 1191 2176 solus
1221 2133 1301 2175 tela
1325 2132 1563 2174 Achivorum
1596 2133 1900 2190 subterfugerat,
1927 2147 2000 2188 per
2025 2133 2159 2177 dolum
2184 2149 2280 2178 vero
2307 2136 2461 2179 occisus

149 2207 234 2242 erat
265 2203 318 2241 ab
350 2201 508 2241 homine
539 2203 792 2242 amicissimo.
843 2203 926 2242 Sed
957 2215 1005 2243 eo
1038 2204 1143 2254 quod
1173 2202 1332 2242 actionis
1364 2206 1497 2252 partes
1529 2202 1582 2241 ad
1616 2215 1735 2242 unam
1762 2202 2007 2254 eandemque
2033 2216 2243 2257 personam
2270 2208 2463 2257 spectent,

147 2269 304 2310 minime
331 2268 435 2309 effici
460 2269 624 2310 actionis
660 2270 850 2309 unitatem
882 2284 1001 2322 supra
1033 2271 1295 2322 cognovimus.
1343 2269 1463 2308 Aliud
1490 2282 1583 2309 vero
1602 2271 1799 2310 vinculum
1827 2271 1928 2311 duas
1955 2272 2044 2312 illas
2068 2277 2203 2324 partes
2227 2278 2464 2314 connectens

149 2338 189 2378 in
221 2337 358 2378 fabula
390 2342 525 2379 nostra
556 2337 828 2380 desideramus
854 2353 983 2391 neque
1017 2345 1145 2381 exstat
1176 2338 1330 2379 interior
1364 2351 1414 2378 ex
1446 2351 1526 2378 una
1556 2344 1669 2390 parte
1701 2340 1741 2379 in
1769 2340 1932 2379 alteram
1970 2342 2171 2381 transitus.
2225 2344 2332 2382 Nam
2361 2343 2466 2393 quod

149 2406 301 2446 famula
327 2405 380 2445 ad
406 2406 649 2446 afferendam
680 2418 825 2457 aquam
856 2407 1047 2448 marinam
1074 2407 1195 2447 missa
1220 2404 1406 2456 Polydori
1434 2417 1574 2457 corpus
1600 2406 1641 2446 in
1665 2406 1757 2447 litus
1783 2409 2003 2468 projectum
2027 2409 2190 2461 invenit,
2217 2409 2466 2450 adventicius

148 2478 301 2515 tantum
332 2485 461 2524 neque
498 2474 745 2516 necessarius
778 2475 965 2517 transitus
995 2475 1192 2529 putandus
1224 2478 1294 2514 est.
1352 2473 1561 2525 Prologum
1594 2480 1738 2526 autem,
1773 2476 1815 2516 in
1850 2489 1929 2527 quo
1960 2477 2152 2529 Polydori
2185 2480 2327 2519 umbra
2359 2478 2466 2528 dicit,

149 2547 314 2583 matrem
345 2554 423 2582 uno
458 2542 526 2583 illo
557 2542 623 2584 die
659 2544 839 2585 orbatum
866 2544 915 2584 iri
942 2543 1096 2586 duobus
1121 2542 1266 2593 liberis,
1294 2554 1371 2594 qua
1401 2541 1452 2582 de
1480 2554 1601 2583 causa
1626 2547 1718 2596 post
1744 2543 1989 2598 Polyxenam
2016 2546 2256 2589 immolatam
2282 2547 2467 2589 nuncium

150 2611 337 2662 Polydori
371 2611 556 2650 trucidati
592 2617 881 2663 exspectamus,
915 2626 1003 2653 cum
1029 2613 1253 2664 tragoediae
1285 2611 1439 2650 actione
1464 2611 1621 2650 minime
1651 2612 1863 2653 cohaerere
1890 2613 1997 2654 infra
2022 2613 2299 2656 declarabitur.
2358 2615 2469 2656 Nihil

149 2678 268 2731 igitur
298 2678 446 2729 obstat,
480 2679 688 2730 quominus
718 2685 807 2733 post
843 2682 1014 2734 priorem
1046 2686 1213 2735 partem,
1248 2682 1336 2732 post
1371 2678 1613 2719 immolatam
1644 2680 1909 2733 Polyxenam,
1942 2683 2148 2735 tragoedia
2178 2684 2296 2725 finem
2323 2685 2468 2737 capiat.

152 2746 392 2798 Talthybius
417 2748 540 2787 matri
559 2751 723 2788 mortem
749 2748 856 2789 filiae
882 2749 1075 2802 depinxit,
1103 2750 1197 2789 Hec.
1224 2747 1276 2787 ad
1302 2747 1421 2787 funus
1448 2746 1487 2787 ei
1513 2747 1741 2789 faciendum
1768 2751 2015 2802 aggreditur:
2043 2764 2119 2803 quo
2145 2752 2250 2793 facto
2275 2752 2468 2793 secundos

151 2819 292 2856 ventos
324 2815 418 2855 oriri
451 2821 489 2857 et
523 2815 698 2858 Graecos
730 2817 1025 2870 navigationem
1056 2830 1195 2871 parare
1227 2815 1413 2875 oportnjt3
1446 2815 1482 2857 is
1509 2818 1643 2868 Justus
1675 2823 1796 2871 atque
1823 2832 1940 2861 verus
1966 2820 2128 2861 fabulae
2154 2821 2241 2863 finis
2268 2822 2355 2862 fuit.
2409 2822 2470 2861 Ita

152 2882 304 2934 fuisset,
333 2885 440 2934 quod
467 2886 575 2926 venti
608 2884 766 2927 adversi
792 2891 957 2939 repente
989 2890 1230 2928 verterentur
1255 2885 1296 2925 in
1320 2884 1528 2926 secundos.
1582 2885 1844 2929 Statuendum
1872 2888 1978 2930 enim
2003 2894 2077 2942 est,
2105 2890 2270 2932 Graecis
2296 2903 2418 2931 naves
2445 2904 2489 2931 a.

155 2954 314 2994 Troade
343 2955 587 2994 solventibus
613 2967 692 2995 non
719 2955 803 2995 sine
832 2968 952 2996 causa
979 2960 1116 2996 ventos
1143 2953 1329 2994 adversos
1361 2957 1478 3004 ortos,
1507 2966 1642 2994 verum
1674 2960 1802 2997 motos
1830 2970 1918 2998 esse
1945 2957 2057 2999 iratis
2084 2958 2249 3000 Achillis
2276 2959 2471 3010 manibus3

341 3119 385 3160 12)
429 3119 595 3152 {lemanni
628 3120 668 3153 de
701 3121 820 3161 tragica
853 3123 886 3154 et
916 3119 1004 3160 epita
1038 3118 1126 3160 poesi
1159 3118 1389 3159 commentatio,
1413 3126 1494 3160 quae
1517 3119 1622 3153 addita
1657 3124 1705 3154 est
1734 3122 1774 3154 ad
1804 3123 2008 3157 Aristoteleae
2036 3127 2113 3158 artis
2134 3126 2276 3164 poeticae
2303 3126 2472 3157 editionem

445 3173 716 3205 Hei-mannifluum.

2223 3229 2300 3260 ¹³²„
