2634 3430
1280 97 1335 146 11

157 222 301 263 tionem
327 224 498 262 nostram
517 232 759 262 commovere
785 233 863 262 non
889 225 1029 273 potest.
1072 221 1153 262 Sed
1180 234 1309 273 quum,
1336 226 1378 262 ut
1404 233 1524 273 supra
1541 220 1722 274 diximus,
1742 221 1917 274 Hecuba,
1945 235 2024 263 non
2044 220 2299 275 Polymestor,
2316 223 2465 276 primas

157 296 290 343 partes
316 294 419 341 agat,
453 290 494 330 in
525 289 632 330 illam
664 289 790 329 omnis
822 288 999 339 dirigitur
1024 290 1221 330 miseratio
1248 294 1522 342 spectatorum,
1552 302 1714 340 quorum
1742 291 2026 343 exspectationi
2054 294 2172 341 atque
2200 290 2464 332 voluntatibus

157 358 254 399 satis
281 357 323 397 fit
349 357 552 409 suppliciis
578 357 657 397 illis
675 356 946 406 meritissime,
975 356 1049 396 etsi
1067 357 1357 398 crudelissimis.

342 424 627 477 Aggrediamur
638 426 724 476 jam
741 423 794 464 ad
811 423 974 464 alteram
990 424 1217 475 tragoediae
1233 430 1395 478 partem,
1423 424 1476 465 ad
1511 437 1661 465 morum
1694 425 2009 477 descriptionem.
2065 424 2206 477 Capite
2242 425 2343 476 XV„
2381 439 2457 477 quo

157 494 275 535 Arist.
302 493 353 534 de
377 493 552 534 moribus
578 491 848 533 describendis
875 496 1086 544 praecepta
1113 492 1191 544 dat,
1218 493 1384 545 primum
1417 493 1563 544 statuit,
1601 497 1643 532 ut
1669 493 1823 533 honesti
1849 493 1939 533 sint.
1987 492 2045 534 Eo
2068 495 2155 549 jam
2181 494 2282 544 loco,
2311 506 2388 544 quo
2415 494 2465 534 de

157 561 458 601 commutatione
485 560 665 599 fortunae
692 559 878 610 disputat,
906 558 1053 609 statuit,
1079 562 1122 598 ut
1147 572 1314 610 persona
1331 560 1478 612 primas
1505 564 1638 611 partes
1664 572 1788 610 agens
1816 560 1850 599 si
1877 560 2004 599 minus
2031 560 2229 612 probitate
2257 565 2297 600 et
2324 560 2466 600 virtute

157 627 366 677 excellens,
384 630 515 667 tamen
532 625 622 667 talis
641 626 702 677 sit,
730 630 773 666 ut
789 625 1099 666 mediocritatem
1124 631 1257 667 teneat
1273 629 1374 668 inter
1393 628 1591 669 hominem
1610 628 1768 668 omnino
1785 628 1950 679 probum
1969 633 2008 667 et
2026 628 2183 668 omnino
2201 641 2379 679 pravum,
2398 634 2467 668 aut

155 695 317 747 propius
336 693 499 734 accedat
524 693 578 734 ad
603 693 837 746 probitatem
856 705 974 743 quam
992 692 1044 733 ad
1062 694 1291 746 pravitatem
1310 695 1440 750 (Poet.
1453 695 1567 736 XIII.
1582 696 1619 736 5.
1636 694 1729 749 sq.).
1769 695 1853 736 Etsi
1871 695 2010 747 negari
2023 695 2170 747 nequit,
2188 696 2468 749 philosophum

157 765 231 803 hoc
244 767 496 814 praeceptum
512 762 552 801 in
565 761 737 812 reliquas
755 772 909 811 quoque
926 762 1152 811 tragoediae
1169 774 1355 813 personas
1372 763 1604 803 translatum
1621 763 1806 813 voluisse,
1821 775 1937 814 quum
1955 761 2085 816 (Poet.
2100 763 2151 802 11.
2169 763 2224 818 7.)
2246 769 2405 816 statuat,
2425 770 2469 804 ut

155 830 361 883 tragoedia
376 829 558 871 meliores
577 842 693 881 quam
711 842 815 870 nunc
832 828 912 869 sint
929 829 1106 871 homines
1118 830 1259 871 imitari
1276 830 1442 882 studeat,
1460 835 1592 871 tamen
1619 831 1835 883 putandum
1853 844 1931 871 non
1958 835 2029 881 est,
2056 844 2145 871 eum
2162 844 2306 883 pravos
2336 845 2466 872 mores

162 911 321 952 prorsus
348 911 373 938 a
398 897 604 950 tragoedia
631 897 860 949 exclusisse3
886 897 928 938 id
955 896 1060 948 quod
1087 910 1136 938 ex
1161 897 1238 939 alio
1263 898 1349 939 loco
1377 898 1507 951 (Poet.
1522 898 1673 939 XVIII.
1695 897 1777 953 19.)
1804 902 1980 951 apparet,
2009 898 2078 939 ubi
2104 911 2192 939 eam
2217 899 2459 952 tragoediam

156 967 394 1018 comprobat,
427 966 469 1005 in
496 979 574 1016 qua
600 966 714 1006 homo
741 965 914 1016 prudens
941 965 1124 1015 idemque
1156 966 1352 1018 improbus
1386 966 1715 1006 circumveniatur
1748 967 1812 1006 vel
1843 966 1905 1006 vir
1938 966 2050 1007 fortis
2081 966 2263 1017 idemque
2296 967 2464 1020 injustus

156 1034 345 1075 vincatur.
390 1033 466 1082 Qui
492 1033 601 1075 locus
619 1033 725 1074 idem
743 1046 814 1074 nos
833 1033 960 1084 docet,
981 1034 1173 1084 quomodo
1191 1035 1306 1075 Arist.
1324 1048 1475 1075 morum
1494 1034 1730 1085 pravitatem
1747 1047 1837 1074 eum
1855 1034 2109 1074 fundamento
2127 1035 2367 1086 tragoediae,
2381 1036 2465 1075 imi-

155 1102 303 1142 tatione
317 1102 519 1152 bonorum,
540 1101 776 1142 concordare
795 1101 972 1141 voluerit.
1018 1100 1160 1141 Statuit
1175 1102 1274 1141 enim
1287 1102 1365 1152 ille,
1392 1106 1436 1142 ut
1452 1106 1585 1153 poeta,
1614 1102 1678 1152 qui
1705 1101 1902 1142 hominem
1921 1102 2116 1154 pravitate
2134 1102 2268 1152 aliqua
2284 1103 2466 1143 affectum

156 1173 435 1221 repraesentet,
454 1169 551 1210 alias
569 1168 763 1218 quasdam
781 1168 959 1220 ejusdem
973 1161 1140 1209 hominis
1158 1169 1314 1210 virtutes
1331 1169 1540 1221 perspicue
1554 1169 1746 1220 ostendat,
1775 1182 1876 1220 quae
1903 1170 2010 1209 illam
2028 1161 2261 1221 pravitatem
2279 1169 2465 1220 quodam-

155 1237 272 1279 modo
291 1237 524 1278 obumbrare
549 1236 767 1277 videantur.
809 1235 966 1276 Deinde
993 1236 1129 1276 statuit
1154 1237 1281 1287 Arist„
1308 1242 1349 1277 ut
1375 1247 1504 1277 mores
1531 1237 1610 1277 sint
1627 1238 1720 1289 apti,
1749 1242 1791 1277 ut
1817 1250 2009 1290 personae
2036 1237 2176 1288 cuique
2194 1237 2220 1277 ii
2247 1237 2468 1278 tribuantur

167 1318 305 1355 mores,
334 1305 401 1357 qui
426 1305 463 1345 ei
492 1305 738 1344 conveniant.
783 1304 978 1345 Habenda
1003 1304 1120 1355 igitur
1146 1310 1207 1344 est
1231 1306 1272 1344 in
1297 1306 1470 1345 moribus
1496 1305 1768 1345 describendis
1786 1306 1884 1345 ratio
1902 1305 2056 1355 aetatis,
2086 1317 2218 1354 sexus,
2247 1304 2464 1356 dignitatis,

132 1364 409 1423 ‘fortunarum
436 1384 486 1413 ne
505 1385 540 1412 e.
568 1384 606 1422 g.
629 1371 768 1422 Juveni
786 1371 978 1412 tribuatur
995 1377 1134 1411 natura
1165 1372 1294 1413 senilis
1324 1385 1425 1413 neve
1457 1373 1609 1412 mulieri
1641 1378 1782 1414 natura
1812 1373 1944 1413 virilis.
1999 1373 2105 1420 Fieri
2136 1372 2292 1423 quidem
2324 1380 2464 1425 potest,

156 1446 198 1482 ut
211 1446 329 1493 poeta
342 1440 609 1482 auctoritatem
623 1440 782 1481 fabulae
800 1439 1013 1490 antiquitus
1031 1439 1196 1481 traditae
1220 1446 1374 1481 secutus
1401 1441 1452 1481 ab
1481 1441 1554 1481 hoc
1572 1441 1794 1482 Aristotelis
1821 1447 2032 1493 praecepto
2060 1440 2265 1482 discedere
2293 1447 2464 1492 cogatur,

156 1510 257 1550 sicut
277 1509 461 1550 Horatius
486 1509 528 1548 in
555 1521 617 1560 ep.
645 1508 698 1548 ad
723 1509 805 1548 Pis.
832 1508 1035 1560 praecipit,
1064 1513 1106 1548 ut
1131 1509 1205 1559 „sit
1230 1508 1369 1548 Medea
1402 1509 1511 1549 ferox
1538 1509 1801 1560 invictaque,“
1838 1521 2073 1559 quamquam
2105 1509 2258 1549 animus
2288 1509 2399 1549 ferox
2427 1516 2465 1549 et

155 1577 323 1618 invictus
340 1576 498 1617 minime
515 1576 687 1616 mulieris
705 1580 775 1617 est.
817 1576 928 1625 Quae
954 1576 988 1616 si
1013 1576 1070 1616 ita
1095 1582 1193 1627 sunt,
1219 1588 1343 1617 mores
1362 1577 1501 1617 saltem
1519 1583 1705 1629 quantum
1727 1576 1812 1617 fieri
1826 1581 1954 1629 potest
1973 1577 2054 1629 apti
2072 1577 2289 1629 comparari
2308 1577 2464 1627 debent,

157 1648 255 1686 utin
282 1645 434 1686 Medeis
452 1657 605 1695 quoque
631 1657 710 1684 non
727 1657 887 1696 prorsus
914 1644 1075 1684 recedat
1100 1644 1297 1695 ingenium
1320 1645 1523 1685 muliebre.
1569 1646 1670 1685 Tum
1689 1645 1809 1686 Arist.
1836 1645 2020 1698 postulat,
2048 1649 2089 1684 ut
2116 1657 2246 1685 mores
2273 1644 2351 1686 sint
2378 1645 2462 1686 veri

157 1714 316 1756 similes.
362 1713 563 1754 Ernestius
578 1713 625 1765 ¹⁴)
644 1712 706 1754 his
739 1713 872 1753 verbis
903 1712 1027 1765 (τρίτον
1053 1716 1086 1750 δὲ
1112 1714 1149 1751 τὸ
1176 1712 1301 1764 ὅμοιον)
1326 1715 1608 1764 praescriptum
1641 1727 1730 1753 esse
1758 1714 1923 1764 judicat,
1959 1719 2000 1752 ut
2027 1726 2182 1762 „mores
2208 1726 2465 1764 personarum

155 1781 395 1834 temporibus
430 1780 513 1822 suis
545 1780 623 1822 sint
654 1779 974 1821 accommodati.“
1025 1780 1108 1821 Sed
1139 1792 1254 1832 quum
1284 1793 1361 1821 non
1388 1780 1449 1832 sit,
1478 1794 1547 1822 cur
1573 1780 1615 1821 id
1642 1793 1720 1821 non
1748 1779 1993 1822 contineatur
2010 1780 2133 1821 altero
2151 1788 2375 1832 praecepto,
2404 1782 2466 1833 (ut

156 1864 284 1892 mores
309 1851 386 1890 sint
410 1849 524 1901 apti,)
551 1849 650 1888 haec
681 1850 805 1888 verba
829 1848 947 1889 latius
967 1853 1101 1900 patere
1115 1848 1346 1900 judicamus,
1373 1848 1426 1888 ad
1443 1861 1561 1900 quani
1587 1861 1670 1889 rem
1697 1847 1987 1900 explanandam
2014 1848 2115 1889 alius
2133 1848 2380 1889 adhibendus
2405 1854 2466 1890 est

156 1921 265 1960 locus
295 1919 424 1972 (Poet.
443 1917 553 1957 XIV.
570 1916 664 1969 10.),
692 1917 759 1957 ubi
790 1917 885 1968 phil.
919 1917 1024 1966 dicit,
1061 1921 1202 1968 poetae
1232 1930 1308 1956 non
1342 1917 1460 1956 licere
1493 1922 1674 1968 receptas
1711 1917 1867 1956 fabulas
1901 1917 2130 1959 dissolvere.
2184 1917 2323 1967 Neque
2358 1918 2464 1957 enim

154 1988 282 2040 magis
310 1987 402 2026 licet
418 1990 560 2038 poetae
577 1986 619 2025 in
635 1997 785 2025 morum
804 1983 1065 2036 descriptione
1093 1984 1292 2025 discedere
1318 1997 1343 2025 a
1369 1984 1513 2025 fabulis
1531 1984 1745 2035 antiquitus
1763 1983 1931 2025 traditis.
1978 1983 2163 2035 Denique
2182 1984 2316 2025 statuit
2335 1985 2465 2037 Arist„

155 2061 197 2095 ut
219 2068 348 2095 mores
375 2054 603 2104 aequabiles
621 2054 698 2092 sint
716 2057 756 2092 et
780 2053 857 2092 sibi
876 2057 1074 2103 constent3
1100 2053 1143 2091 id
1161 2052 1263 2105 quod
1279 2065 1356 2101 non
1374 2053 1515 2102 obstat,
1543 2052 1749 2102 quominus
1769 2052 1886 2091 etiam
1905 2052 2020 2091 homo
2039 2052 2266 2091 inconstans
2285 2057 2324 2091 et
2342 2059 2466 2093 muta-

155 2123 248 2164 bilis
265 2122 443 2174 fingatur,
462 2121 578 2163 modo
597 2121 686 2173 ipsa
712 2120 811 2161 haec
836 2120 1099 2171 inconstantia
1124 2120 1179 2161 ita
1195 2124 1412 2160 constanter
1427 2132 1499 2170 per
1525 2124 1646 2159 totam
1664 2119 1907 2170 tragoediam
1933 2119 2158 2169 retineatur,
2186 2127 2227 2158 ut
2246 2122 2466 2169 aequabilis

155 2189 415 2231 inconstantia
440 2189 558 2239 illam,
585 2200 687 2239 quae
713 2187 931 2239 requiritur,
957 2200 1108 2228 morum
1134 2187 1384 2228 constantiam
1411 2186 1569 2226 efficiat.

343 2257 520 2309 Euripidi
544 2259 631 2309 Jam
662 2269 688 2297 a
717 2261 893 2296 veterum
920 2256 1185 2308 scriptoribus,
1211 2255 1396 2307 imprimis
1421 2255 1473 2294 ab
1500 2254 1570 2294 Ari
1581 2255 1725 2306 stoph.,
1757 2255 1851 2294 vitio
1879 2254 2113 2306 datum'est,
2141 2255 2247 2307 quod
2276 2268 2469 2308 personas

156 2333 372 2379 temporum
399 2325 643 2366 heroicorum
670 2324 723 2364 ad
749 2324 969 2374 aequalium
987 2337 1144 2365 suorum
1169 2323 1323 2364 modum
1347 2323 1531 2362 finxisset
1549 2323 1681 2372 itaque
1709 2322 1995 2372 quodammodo
2014 2336 2039 2363 a
2058 2324 2248 2364 cothurno
2277 2324 2469 2365 recedens

157 2394 318 2448 propius
357 2393 593 2435 accessisset
624 2392 677 2434 ad
709 2404 878 2434 soccum.
932 2392 1053 2445 Soph.
1090 2392 1175 2445 ipse
1209 2405 1251 2433 se
1288 2404 1517 2443 comparans
1558 2404 1646 2431 cum
1683 2391 1775 2431 Eur.
1808 2390 1914 2441 dicit,
1951 2392 2051 2435 αὐτὸς
2083 2397 2138 2429 μὲν
2170 2395 2258 2435 οἵου,-
2285 2396 2333 2430 δεῖ
2359 2399 2470 2436 ποιεῖν,

162 2463 335 2511 Εὐριπίδην
366 2465 400 2501 δὲ
433 2461 499 2501 οἷοὶ
528 2463 614 2500 εἰσιν.
668 2460 784 2510 Quod
815 2460 963 2502 dictum
993 2461 1114 2502 Arist.
1141 2459 1345 2502 memoriae
1372 2458 1543 2512 prodidit
1575 2458 1704 2512 (Poet.
1723 2459 1874 2499 XXVI.
1893 2459 1987 2512 11.).
2042 2460 2101 2501 Eo
2128 2462 2232 2501 enim
2260 2462 2359 2512 loco,
2389 2475 2467 2512 quo

156 2531 250 2582 phil.
287 2531 338 2570 de
363 2531 500 2580 rebus,
539 2531 581 2571 in
609 2529 752 2580 quibus
778 2534 919 2581 poetae
953 2541 1119 2581 peccare
1154 2529 1316 2582 possint,
1350 2528 1543 2579 disputat,
1578 2531 1735 2579 poetam
1762 2527 2000 2580 reprehendi
2027 2527 2187 2579 quidem
2214 2542 2334 2582 posse
2362 2530 2468 2582 dicit,

157 2598 261 2650 quod
279 2612 358 2640 non
376 2611 472 2639 vera
488 2597 653 2647 finxerit,
671 2611 809 2638 verum
831 2611 919 2638 eam
942 2598 1281 2649 reprehensionem
1297 2596 1393 2647 tolli,
1420 2596 1458 2636 si·
1472 2596 1640 2645 finxerit,
1661 2597 1794 2645 qualia
1813 2609 1901 2636 esse
1920 2602 2137 2648 oporteret3
2165 2602 2247 2636 tum
2266 2598 2470 2650 Sophoclis

157 2666 255 2707 illud
280 2665 403 2706 addit.
448 2665 563 2714 Quod
589 2665 665 2705 nisi
691 2677 827 2705 verum
855 2677 943 2706 esse
966 2665 1197 2717 judicasset,
1225 2668 1291 2705 aut
1319 2663 1528 2704 refutasset
1554 2668 1621 2704 aut
1648 2663 1806 2704 omnino
1833 2676 1912 2705 non
1939 2665 2148 2705 attulisset.
2193 2665 2333 2717 Itaque
2351 2666 2469 2707 Arist.

158 2737 209 2776 ab
242 2736 313 2775 illa
339 2733 537 2785 Euripidis
572 2733 857 2784 vituperatione
889 2746 968 2773 non
1000 2734 1249 2774 abhorruisse
1286 2731 1484 2783 putandus
1510 2736 1583 2771 est.
1638 2732 1790 2778 Quodsi
1824 2733 1915 2771 Eur.
1948 2733 2091 2772 heroas
2118 2732 2171 2771 ad
2199 2746 2295 2773 suae
2323 2734 2466 2773 aetatis

159 2808 337 2845 naturam
363 2807 478 2843 vocat
509 2813 719 2852 eorumque
746 2813 873 2841 mores
901 2814 979 2842 non
1005 2801 1058 2843 ad
1083 2802 1233 2842 illorum
1258 2805 1445 2851 tempora,
1473 2812 1610 2840 verum
1637 2799 1690 2839 ad
1719 2813 1830 2840 suam
1857 2806 2028 2841 aetatem
2055 2801 2336 2851 accommodat,
2357 2814 2466 2852 aper-

158 2871 307 2911 tissime
342 2874 483 2923 peccat
514 2870 554 2909 in
587 2870 708 2909 altero
735 2868 957 2909 Aristotelis
992 2874 1212 2922 praecepto,
1245 2872 1286 2908 ut
1317 2878 1445 2908 mores
1473 2866 1549 2907 sint
1576 2866 1669 2919 apti.
1724 2867 1915 2917 Quamvis
1942 2869 2129 2921 aequales
2157 2868 2406 2909 vehementer
2432 2868 2468 2908 ei

158 2940 386 2992 plauserint,
419 2938 523 2990 quod
549 2950 734 2988 magnum
761 2937 985 2989 discrimen,
1019 2938 1122 2988 quod
1147 2938 1246 2977 inter
1279 2948 1413 2977 eorum
1439 2940 1610 2975 aetatem
1638 2940 1678 2976 et
1704 2940 1882 2989 tempora
1909 2938 2067 2994 heroica
2093 2938 2290 2989 intererat,
2317 2937 2468 2977 tolleret

158 3008 343 3058 quodque
370 3008 510 3048 heroas
537 3007 740 3047 induceret
767 3006 880 3056 tales,
909 3007 1047 3055 quales
1064 3005 1140 3057 ipsi
1157 3009 1298 3054 essent,
1325 3009 1457 3044 tamen
1473 3005 1515 3043 id
1527 3006 1747 3055 justissime
1774 3007 1810 3045 ei
1837 3007 1934 3046 vitio
1957 2995 2086 3057 datur,
2117 3007 2151 3046 si
2176 3007 2273 3045 ratio
2301 3006 2467 3044 habetur

350 3156 391 3191 ¹⁴)
427 3156 557 3188 Ernesffl
579 3156 699 3188 lexicon
721 3156 938 3195 technologiae
961 3155 1146 3188 Graecorum
1168 3152 1341 3185 rhetoricae
1364 3159 1394 3191 ρ.
1418 3152 1493 3186 229.

2205 3207 2223 3238 2
