2634 3430
1282 119 1308 169 6

131 247 339 289 Hominem
358 251 488 288 autem
507 258 584 287 non
603 244 861 286 excellentem
880 242 1023 285 virtute
1048 244 1112 285 vel
1121 245 1273 297 justitia
1286 244 1535 298 apertissime
1554 244 1736 297 intelligit
1750 257 1850 298 eum,
1871 246 1982 298 cujus
2000 246 2105 287 mala
2121 258 2201 288 non
2212 245 2457 300 justissimae

129 321 247 366 atque
279 315 554 355 meritissimae
585 326 738 364 poenae
776 325 847 364 pro
883 313 1101 353 commissis
1136 313 1289 353 delictis
1321 312 1564 364 Judicandae
1597 313 1685 352 sint.
1743 315 1856 354 Hanc
1887 314 2005 365 igitur
2035 314 2215 354 fortunae
2248 318 2457 354 commuta-

129 374 275 424 tionem
301 381 470 423 maxime
496 380 677 421 idoneam
706 392 793 421 esse
820 384 933 432 putat
965 379 1019 421 ad
1046 379 1347 421 commovendos
1379 384 1505 420 metus
1539 383 1578 420 et
1609 379 1870 423 miserationis
1898 381 2077 423 affectus.
2121 381 2251 433 Atque
2283 394 2327 422 re
2361 394 2457 424 vera

128 452 271 502 tragici
298 451 355 491 illi
373 451 549 499 affectus,
578 449 643 499 qui
669 449 784 488 nobis
802 448 1038 499 injiciuntur,
1059 462 1174 499 quum
1192 449 1369 489 homines
1397 449 1519 489 nostri
1547 449 1696 489 similes
1724 451 1789 490 vel
1806 451 1923 491 nobis
1948 450 2195 490 sublimiores
2211 449 2325 489 malis
2343 451 2456 490 obrui

128 520 319 569 videmus,
349 531 396 559 eo
423 519 617 567 majorem
645 516 724 556 vim
751 516 900 557 habere
929 515 1087 567 debent,
1116 517 1148 557 si
1174 515 1471 557 antecedentem
1499 528 1651 567 quoque
1684 516 1838 558 illorum
1864 518 2133 559 auctoritatem
2164 522 2204 558 et
2229 516 2455 558 felicitatem

129 589 351 641 aspicimus,
379 584 412 624 si
437 584 652 624 immeritos
681 597 750 624 eos
779 589 818 624 et
845 596 916 636 per
944 596 1113 624 errorem
1140 583 1309 634 aliquem
1336 583 1377 622 in
1403 584 1508 623 mala
1535 583 1678 624 cadere
1708 584 1900 625 videmus.

316 654 377 694 Ex
410 652 573 693 actionis
613 652 895 705 compositione
924 653 1041 694 Arist.
1070 651 1225 693 fabulas
1251 651 1416 703 partitur
1440 651 1480 691 in
1508 652 1706 704 simplices
1734 656 1773 693 et
1799 652 2020 705 implicatas
2047 652 2178 707 (Poet.
2204 653 2257 694 X.
2272 655 2307 694 1.
2335 653 2452 707 sqq.).

128 712 355 775 Simplicem
382 720 527 775 (ἁπλῆν)
555 721 752 761 actionem
780 721 873 760 dicit
902 734 1001 771 eam,
1028 720 1068 759 in
1095 732 1173 770 qua
1198 719 1378 759 fortunae
1404 720 1654 760 commutatio
1676 719 1745 759 fiat
1778 720 1864 760 sine
1895 721 2096 773 inopinato
2115 733 2208 761 casu
2234 720 2453 776 (περιπέτειαι)

129 798 165 832 01
187 791 270 831 81110
289 789 489 841 agnitione
509 789 815 844 (dvayvussqamg).³)
860 788 1102 841 Simplicium
1120 788 1339 829 fabularum
1365 788 1595 829 deterrimas
1615 801 1702 829 esse
1720 792 1832 840 putat
1849 789 1907 832 τὰς
1925 790 2147 834 succendimur
2163 790 2190 830 i.
2210 803 2245 831 0.
2264 803 2334 831 eas
2353 802 2453 841 quac

127 860 249 900 multa
266 859 441 899 habeant
459 857 618 901 ἐπειςὸῦια
643 858 669 898 i.
689 871 724 898 e.
743 864 878 910 partes
906 870 985 898 non
1011 870 1061 897 ex
1087 856 1247 897 actionis
1275 857 1555 908 compositione
1581 857 1759 897 fluentes.
1806 858 2051 909 Implicatam
2078 871 2171 899 vero
2199 857 2452 912 (πεπλεγμένην)

128 927 326 968 actionem
354 925 448 965 dicit
486 938 587 976 eam,
624 926 667 965 in
695 938 775 977 qua
810 926 988 966 fortunae
1024 925 1269 965 commutatio
1305 924 1373 964 fiat
1399 937 1471 976 per
1506 925 1744 976 agnitionem
1769 926 1835 966 vel
1861 938 1934 978 per
1959 926 2201 978 inopinatum
2228 938 2362 967 casum
2387 926 2453 967 vel

125 1008 196 1046 per
223 1000 441 1044 utrumque.
487 994 757 1033 Vehementer
775 999 878 1033 errat
897 994 1133 1042 Hartungus,
1160 993 1226 1042 qui
1244 993 1309 1045 (E.
1337 1007 1368 1032 r.
1394 994 1446 1031 II.
1470 1006 1508 1043 p.
1536 993 1634 1044 404)
1661 1007 1740 1033 non
1768 994 1970 1044 distinguit
1994 995 2234 1045 implicatam
2260 994 2453 1034 actionem

126 1078 151 1104 a
177 1061 337 1115 duplici.
391 1061 494 1101 Phil.
524 1061 628 1102 enim
656 1061 730 1102 etsi
758 1061 976 1113 simplicem
1004 1060 1197 1101 actionem
1225 1061 1386 1113 opponit
1414 1065 1452 1101 et
1470 1060 1692 1113 implicatae
1721 1065 1760 1102 et
1787 1060 1933 1114 duplici
1960 1061 2092 1116 (Poet.
2120 1062 2234 1103 XIII.
2253 1063 2290 1103 2.
2319 1067 2359 1103 et
2380 1061 2451 1115 6.)‚

126 1136 260 1172 tamen
285 1134 452 1180 utroque
481 1130 569 1169 loco
597 1130 789 1169 vocabulo
816 1130 938 1170 ἁπλοῦς
965 1128 1083 1168 aliam
1112 1130 1266 1180 subjicit
1293 1129 1547 1180 sententiam,
1581 1129 1623 1168 id
1660 1129 1765 1180 quod
1793 1141 1840 1170 eo
1862 1131 1948 1181 jam
1975 1134 2159 1182 apparet,
2196 1129 2301 1182 quod
2329 1130 2452 1170 altero

126 1201 214 1239 loco
246 1199 505 1249 implicatam,
544 1199 668 1237 altero
699 1198 912 1248 simplicem
940 1197 1116 1237 fabulam
1143 1198 1334 1248 potiorem
1362 1211 1451 1238 0880
1479 1203 1603 1248 putat.
1631 1198 1766 1237 Priore
1793 1198 1880 1238 loco
1920 1198 2007 1243 ἇπλῆ
2042 1198 2180 1239 fabula
2212 1202 2366 1249 spectat
2400 1197 2454 1237 ad

127 1266 360 1319 simplicem,
389 1278 508 1316 quam
535 1263 653 1306 modo
683 1263 863 1315 diximus,
891 1264 1054 1306 actionis
1084 1264 1416 1317 compositionem,
1455 1277 1556 1316 quae
1588 1277 1716 1316 neque
1743 1264 1988 1317 inopinatum
2020 1277 2155 1306 casum
2190 1277 2318 1317 neque
2345 1264 2452 1316 agni-

126 1336 273 1376 tionem
308 1334 431 1374 habet
465 1345 630 1385 eamque
666 1332 716 1373 ob
754 1345 835 1373 rem
869 1332 1076 1385 opponitur
1110 1332 1345 1386 implicatae.
1399 1332 1621 1374 Posteriore
1657 1345 1750 1374 vero
1786 1333 1873 1375 loco
1907 1337 2019 1383 μῦθος
2054 1332 2177 1378 ἁπλοῦς
2212 1336 2365 1387 spectat
2401 1332 2453 1374 ad

127 1405 325 1443 fortunam
355 1403 470 1441 unius
498 1404 598 1452 eJus,
627 1401 691 1451 qui
717 1402 863 1452 primas
881 1405 1015 1451 partes
1043 1401 1135 1451 agit,
1165 1402 1278 1452 eique
1296 1402 1503 1453 opponitur
1519 1406 1631 1449 μῦθος
1648 1405 1789 1444 διπλοῦς,
1815 1402 1855 1441 111
1875 1415 1952 1452 (1110
1968 1402 2085 1441 etiam
2104 1402 2262 1442 fortuna
2278 1402 2452 1451 aliorum,

128 1472 194 1522 qni
222 1470 279 1511 illi
312 1470 485 1523 oppositi
514 1474 615 1520 sunt,
643 1468 696 1509 ad
723 1468 867 1508 exitum
892 1468 1082 1521 pervenit.

320 1540 365 1578 In
392 1539 574 1578 omnibus
601 1537 745 1577 fabulis
772 1537 856 1577 sive
885 1537 1125 1588 simplicibus
1153 1539 1236 1578 sive
1263 1538 1473 1589 implicatis
1500 1538 1631 1578 inesse
1658 1542 1811 1589 oportet
1838 1539 1955 1581 πάθος
1981 1551 2014 1578 8.
2032 1539 2178 1578 malum
2195 1544 2320 1589 atrox,
2349 1539 2453 1589 quod

129 1609 247 1648 Arist.
276 1607 409 1660 (Poet.
438 1607 509 1646 XI.
525 1606 607 1658 10.)
628 1605 683 1645 iia
708 1604 856 1645 definit:
883 1605 999 1648 πάθος
1024 1609 1092 1644 ἐστὶ
1109 1611 1224 1655 πρᾶξις
1240 1606 1408 1655 φθαρτικὴ
1434 1605 1455 1652 ἢ
1481 1606 1638 1655 ὀδυνηρά·
1666 1605 1735 1644 οἷον
1762 1609 1795 1643 οἵ
1818 1622 1852 1644 τε
1878 1612 1911 1644 ἐν
1937 1610 1982 1656 τῷ
2008 1613 2137 1657 φανερῷ
2160 1607 2303 1645 θάνατοι
2333 1610 2387 1645 καὶ
2415 1608 2450 1645 αἱ

129 1678 333 1725 περιωδυνίαι
360 1677 415 1712 καὶ
442 1673 575 1724 τρώσεις
601 1676 654 1710 καὶ
681 1672 747 1710 ὅσα
772 1676 913 1710 τοιαῦτα.
967 1673 1073 1714 Mala
1099 1674 1280 1715 omnibus
1307 1674 1521 1725 tragoediis
1548 1673 1773 1715 necessaria
1799 1686 1887 1715 esse
1914 1675 2008 1727 phil.
2036 1679 2169 1728 putat,
2205 1674 2246 1715 id
2273 1674 2377 1727 quod
2405 1688 2452 1717 οο

122 1748 208 1796 Jam
235 1748 416 1796 apparet,
446 1742 550 1794 quod
578 1746 722 1780 metum
750 1746 788 1780 et
813 1742 1103 1781 miserationem
1139 1742 1344 1793 tragoedia
1371 1743 1607 1783 commoveri
1635 1743 1727 1782 vult.
1782 1744 1890 1783 Mala
1922 1756 2017 1784 vero
2054 1744 2171 1784 modo
2203 1744 2454 1785 vehementia

127 1813 245 1853 modo
273 1812 380 1852 lenia
408 1824 496 1851 esse
524 1816 698 1861 possunt.
752 1810 880 1858 Atque
915 1810 1123 1861 plurimum
1150 1815 1277 1850 metus
1306 1816 1344 1850 et
1370 1811 1628 1852 miserationis
1655 1815 1814 1851 movent
1838 1811 2089 1852 vehementia
2114 1812 2231 1862 mala,
2259 1825 2376 1862 quam
2401 1814 2452 1853 ob

128 1895 212 1923 rem
248 1879 423 1930 fabulae,
459 1879 500 1918 in
537 1877 677 1929 quibus
713 1890 762 1918 ea
796 1882 1159 1930 repraesentantur,
1188 1881 1374 1925 παθητικαὶ
1409 1892 1440 1919 8.
1478 1884 1632 1920 atroces
1661 1878 1852 1919 dicuntur.
1909 1880 2054 1921 Verum
2085 1893 2248 1922 necesse
2274 1893 2352 1921 11011
2380 1885 2452 1933 081,

130 1950 280 1990 atrocia
298 1949 369 1988 illa
385 1948 564 1987 facinora
583 1947 623 1985 111
641 1951 850 1997 conspectu
867 1947 972 1998 poni,
1001 1947 1073 1986 sed
1094 1952 1206 1987 extra
1223 1947 1396 1987 fabulam
1416 1960 1570 1998 quoque
1594 1948 1678 1987 fieri
1697 1952 1736 1987 et
1762 1948 1802 1986 in
1831 1960 1951 1987 scena
1969 1949 2262 1988 commemorari
2279 1953 2452 2000 possunt,

128 2024 169 2058 ut
196 2018 236 2057 in
265 2016 364 2057 Oed.
385 2017 432 2055 R.
478 2015 640 2055 Multum
671 2019 801 2054 autem
824 2014 1038 2054 atrocitatis
1063 2015 1255 2065 amittunt,
1284 2015 1317 2055 si
1334 2015 1430 2055 1111111
1456 2017 1557 2056 111101·
1575 2016 1753 2056 homines
1781 2015 1888 2055 nulla
1914 2016 2200 2056 necessitudine
2226 2019 2453 2068 conjunctos

128 2086 193 2126 vel
219 2085 322 2125 inter
339 2083 529 2123 inimicos.
576 2082 620 2121 In
647 2082 799 2133 optimis
827 2082 943 2133 igitur
970 2082 1184 2133 tragoediis
1203 2084 1297 2124 fiant
1328 2088 1481 2135 oportet
1498 2083 1599 2123 inter
1617 2083 1766 2124 amicos
1793 2083 1859 2123 vel
1878 2083 2199 2134 consanguineos.
2244 2090 2455 2130 Παθητααῖς

129 2151 355 2204 tragoediis,
394 2163 496 2202 quae
532 2154 636 2190 totae
672 2149 712 2190 in
748 2149 937 2191 malorum
970 2150 1331 2203 repraesentatione
1365 2155 1583 2202 versantur,
1621 2151 1674 2191 ab
1711 2149 1924 2191 Aristotele
1962 2155 2209 2204 opponuntur
2246 2150 2375 2203 ἠθικαί,
2411 2151 2453 2192 111

131 2221 275 2273 quibus
302 2224 567 2273 spectatorum
594 2218 713 2258 animi
732 2231 809 2259 non
836 2223 915 2259 tam
943 2219 1134 2259 factorum
1155 2220 1439 2273 compositione
1458 2219 1522 2260 vel
1542 2219 1742 2260 atrocibus
1760 2218 1887 2271 malis,
1916 2231 2034 2271 quam
2052 2218 2252 2271 agentium
2278 2219 2453 2261 moribus

128 2295 323 2329 tenentur.
379 2288 495 2336 Quod
529 2300 652 2338 genus
688 2289 963 2339 philosophum
996 2301 1134 2339 parum
1162 2290 1416 2329 artificiosum
1443 2294 1617 2340 putasse,
1644 2293 1808 2339 apparet
1836 2301 1885 2328 ex
1913 2289 2022 2328 Poet.
2051 2288 2119 2327 VI.
2148 2289 2221 2338 19„
2249 2289 2318 2328 ubi
2345 2289 2453 2339 dicit,

129 2359 278 2399 tirones
306 2362 445 2409 poetas
472 2356 579 2408 prius
606 2358 791 2408 proficere
820 2357 859 2396 in
888 2357 1060 2398 dictione
1090 2362 1128 2398 et
1155 2358 1196 2398 in
1223 2370 1374 2398 morum
1402 2357 1680 2408 descriptione,
1718 2370 1834 2407 quam
1862 2357 1903 2397 in
1936 2356 2129 2398 factorum
2157 2357 2452 2409 compositione.

130 2427 316 2467 Ceterum
344 2425 394 2465 de
422 2428 571 2464 morato
599 2424 886 2476 tragoediarum
915 2438 1059 2476 genere
1088 2425 1234 2467 diserte
1262 2430 1380 2476 atque
1408 2428 1591 2465 accurate
1619 2436 1696 2464 non
1724 2423 1912 2477 disputat.

320 2494 412 2534 Jam
445 2506 539 2533 vero
573 2492 786 2543 videamus,
816 2493 1010 2544 quomodo
1042 2494 1206 2534 Hecuba
1225 2494 1442 2546 Euripidea
1470 2493 1532 2544 iis,
1561 2505 1662 2544 quae
1680 2492 1777 2545 phil.
1806 2492 1855 2533 dc
1874 2493 2029 2534 actione
2048 2493 2194 2545 statuit,
2223 2493 2453 2534 satisfaciat.

129 2565 190 2603 De
228 2562 398 2603 actionis
436 2562 552 2612 hujus
585 2561 746 2601 fabulae
780 2562 929 2601 unitate
965 2575 1109 2612 magna
1147 2567 1207 2602 est
1239 2562 1462 2602 criticorum
1499 2561 1705 2601 dissensio.
1760 2562 1872 2602 Duas
1905 2561 2065 2613 quidem
2093 2562 2133 2601 in
2161 2561 2298 2602 fabula
2324 2561 2453 2602 inesse

128 2638 261 2684 partes
280 2643 396 2672 nemo
412 2643 490 2671 non
508 2629 706 2681 intelligit3
734 2630 998 2671 controversia
1017 2635 1147 2671 autem
1166 2635 1225 2672 est
1244 2630 1285 2670 in
1304 2630 1384 2680 illo,
1415 2633 1542 2670 utrum
1560 2629 1635 2669 hae
1662 2634 1794 2681 partes
1812 2630 2008 2672 artissime
2026 2630 2127 2671 inter
2152 2643 2196 2671 se
2222 2631 2454 2682 conjunctae

127 2702 206 2741 sint
221 2705 340 2751 atque
355 2703 479 2739 totum
506 2698 691 2748 quiddam
711 2699 883 2739 efficiant
902 2711 1039 2739 necne.
1085 2699 1320 2748 Priusquam
1349 2711 1454 2747 vero,
1490 2698 1584 2748 quid
1614 2698 1690 2749 ipsi
1718 2698 1768 2738 de
1788 2699 1862 2739 hac
1879 2711 1921 2740 re
1940 2699 2166 2749 sentiamus,
2186 2699 2453 2750 explanamus,

126 2769 315 2808 nonnulla
332 2766 592 2807 recentiorum
612 2766 831 2806 criticorum
850 2766 899 2806 de
928 2768 1118 2806 Hecubae
1136 2767 1291 2806 actione
1305 2767 1460 2817 judicia
1478 2767 1619 2805 afferre
1637 2771 1755 2816 atque
1773 2779 2007 2817 percensere
2025 2768 2154 2807 liceat.
2198 2766 2453 2819 ι11110011811180)

127 2835 330 2888 Euripidis
371 2833 616 2885 tragoediam
642 2834 684 2873 in
717 2834 942 2874 historicum
969 2848 1112 2887 poema
1144 2834 1407 2886 degenerasse
1448 2838 1593 2884 censet,
1630 2833 1778 2885 dicens,
1815 2840 1972 2887 poetam
2005 2834 2216 2875 substituta
2250 2833 2291 2873 in
2326 2833 2454 2874 locum

124 2903 367 2944 111-111111111οε10
404 2901 698 2953 compositionis
731 2901 916 2942 historica
951 2915 981 2941 8.
1025 2902 1139 2954 cpica
1181 2903 1357 2954 singulas
1395 2915 1458 2942 res
1491 2902 1720 2954 plerumque
1752 2916 1830 2943 non
1868 2902 2127 2943 connexuisse
2163 2901 2239 2942 nisi
2274 2913 2453 2954 persona,

124 2983 410 3025 saepenumero
438 2971 513 3010 hoc
542 2981 697 3020 quoque
723 2969 879 3010 vinculo
894 2969 1104 3021 repudiato
1133 2983 1210 3011 non
1238 2971 1359 3011 alium
1379 2974 1602 3011 contextum
1622 2982 1781 3011 curasse
1800 2970 1875 3012 nisi
1896 2970 2096 3012 fortuitam
2115 2969 2191 3011 loci
2211 2974 2249 3010 et
2268 2970 2454 3022 temporis

125 3041 332 3091 unitatem3
361 3039 401 3080 in
422 3039 518 3080 Hec.
548 3052 582 3079 e.
609 3027 656 3094 ἐς)
666 3037 813 3079 nullum
833 3036 988 3078 omnino
1007 3042 1160 3079 exstare
1179 3039 1376 3080 vinculum
1400 3038 1575 3080 interius.
1621 3038 1710 3087 Qua
1727 3038 1927 3080 luxuriosa
1947 3038 2138 3080 factorum
2157 3038 2454 3080 coacervatione

317 3136 345 3171 ⁸)
381 3137 423 3168 De
447 3136 607 3173 inopinato
631 3140 705 3165 casu
731 3132 770 3164 cf.
796 3133 879 3170 poet,
902 3131 944 3163 xl.
969 3134 996 3163 1.
1020 3133 1063 3164 ΙΧ.
1085 3134 1125 3171 2.,
1147 3134 1186 3165 (10
1209 3135 1368 3173 agnitione
1393 3134 1480 3166 Poet.
1504 3133 1596 3165 xm.
1618 3141 1666 3172 sq.

316 3189 342 3223 ⁸)
381 3190 411 3221 ln
437 3187 703 3220 commentatione
727 3186 766 3217 de
789 3185 868 3217 Eur..
891 3193 971 3224 quae
995 3186 1074 3216 inest
1097 3185 1125 3217 in
1149 3186 1370 3218 additamentis
1393 3187 1432 3218 ad
1456 3186 1573 3218 Sulzeri
1600 3185 1712 3217 librum
1736 3193 1832 3225 supra
1855 3186 1991 3219 citatum.
