2634 3430
1250 89 1306 138 18

114 222 295 270 capturos
313 230 402 258 esse
422 219 610 258 Hecubae
626 216 927 266 miserationem,
956 215 992 254 si
1009 214 1111 254 hanc
1136 213 1482 256 fortunatissimam
1501 216 1594 255 olim
1607 215 1795 266 reginam,
1815 217 1937 268 Troja
1954 217 2094 268 diruta,
2123 219 2253 259 occiso
2271 218 2426 258 Priamo

84 302 88 306 ·
112 285 258 326 sensim
291 289 409 336 atque
443 286 636 337 gradatim
668 285 709 324 in
743 283 920 324 recentia
952 283 1059 324 mala
1090 282 1330 323 incidentem
1365 283 1606 336 videremus,
1639 296 1756 335 quam
1788 285 1822 325 si
1853 284 2043 337 Polydori
2074 298 2211 327 manes
2245 286 2427 327 audimus

110 358 332 404 narrantes,
369 354 439 392 illa
464 354 651 393 Hecubae
671 355 757 403 jam
785 352 998 402 accidisse,
1033 352 1132 390 haec
1165 364 1252 390 eam
1278 364 1371 390 mox
1400 365 1645 404 oppressura.
1699 352 1803 400 Quin
1832 353 1951 392 etiam
1977 353 2100 392 animi
2129 355 2427 394 commotionem

110 427 149 460 et
175 422 468 461 miserationem
494 425 666 460 nostram
692 421 888 469 majorem
915 420 1001 460 fore
1027 424 1227 470 putamuS,
1256 418 1290 459 si
1317 421 1507 460 malorum
1532 421 1757 461 instantium
1783 433 1944 471 prorsus
1972 421 2087 461 inscii
2114 434 2302 462 essemus.
2331 423 2427 462 Les-

110 487 261 542 singius
289 486 517 530 Diderotum
543 489 699 530 secutus
725 497 805 528 non
830 497 873 529 re
907 485 1015 541 ipsa,
1042 497 1178 530 verum
1208 484 1294 528 sola
1326 486 1488 541 ratione,
1523 499 1600 542 qua
1636 486 1685 530 de
1720 499 1768 530 ea
1800 486 2027 542 doceamur,
2059 499 2138 530 non
2173 488 2291 530 rebus
2319 487 2429 529 inex-

111 557 298 610 spectatis
329 555 392 595 vel
418 555 644 607 inopinatis,
671 567 808 594 verum
834 559 930 607 apta
957 555 1236 607 compositione
1255 566 1385 595 rerum
1404 557 1688 608 spectatoribus
1714 560 1894 596 notarum
1919 557 2209 597 miserationem
2236 557 2423 596 concitari

110 631 228 677 atque
256 625 389 675 augeri
418 624 522 663 dicit.
570 623 686 671 Quod
705 623 739 663 si
759 624 981 664 Aristotelis
996 623 1218 663 testimonio
1237 623 1375 675 firmat,
1405 625 1472 676 qni
1491 625 1717 677 Euripidem
1734 624 1970 673 τραγικώτατον
1994 624 2096 664 inter
2112 629 2250 676 poetas
2269 624 2424 673 dixerit,

109 696 150 734 in
186 693 351 734 eundem
386 692 526 731 incidit
558 704 746 741 errorem,
783 693 824 732 in
860 705 977 742 quem
1010 693 1254 741 Hartungum
1289 692 1474 733 incidisse
1518 706 1636 744 supra
1668 693 1880 733 docuimus.
1944 693 2045 733 Toto
2087 693 2193 733 enim
2229 692 2297 733 illo
2337 693 2425 733 loco

111 762 237 816 (Poet.
251 759 363 800 XIII.
380 758 463 813 10.)
490 758 587 800 nihil
612 759 786 813 conspici
809 764 952 813 potest,
974 772 1051 812 quo
1069 758 1266 812 probetur,
1286 759 1517 813 Euripidem
1535 765 1692 813 propter
1718 759 1834 801 aliam
1853 771 2014 801 causam
2039 759 2277 811 τραγικώτατον
2302 758 2425 801 nomi—

109 830 202 880 nari,
230 841 349 880 quam
375 828 481 882 quod
508 829 850 870 commutationem
878 829 1057 870 fortunae
1085 830 1186 868 bene
1214 828 1269 867 ita
1296 828 1517 880 instituerit,
1545 834 1668 869 utres
1695 828 1891 869 secundae
1909 832 2148 869 mutarentur
2165 829 2206 868 in
2222 828 2425 869 adversas.

109 898 322 938 Contentus
357 909 446 937 esse
479 896 618 937 debuit
650 897 880 948 Lessingius
915 901 1142 949 argumento
1176 896 1260 946 illo,
1301 901 1343 936 ut
1375 897 1432 937 ita
1466 897 1611 948 dicam,
1643 901 1833 946 neqativo,
1867 897 1972 947 quod
2002 898 2119 949 paulo
2152 909 2273 949 supra
2299 897 2424 947 affert,

106 978 233 1014 neque
267 965 518 1004 Aristotelem
549 978 680 1014 neque
714 966 918 1004 Horatium
956 965 1167 1013 quidquam
1201 964 1348 1003 diserte
1382 965 1432 1004 de
1460 965 1745 1005 necessitudine
1771 977 1900 1003 rerum
1927 964 2214 1015 inopinatamm
2239 964 2423 1004 docuisse

106 1046 268 1084 eosque,
301 1033 369 1084 qui
402 1033 506 1074 hanc
533 1032 778 1084 docuissent,
817 1033 999 1085 exempla
1031 1045 1159 1083 neque
1186 1045 1207 1073 0
1235 1031 1412 1085 plurimis
1439 1046 1568 1084 neque
1596 1045 1646 1074 ex
1671 1031 1827 1085 optimis
1855 1036 2031 1074 veterum
2057 1031 2204 1075 fabulis
2230 1031 2423 1085 repetisse

105 1101 253 1143 dicens.
308 1102 361 1142 At
394 1105 530 1141 contra
565 1100 773 1141 dicendum
802 1105 880 1153 est,
913 1101 953 1141 id
986 1100 1091 1152 quod
1120 1103 1205 1153 ⁸jam
1242 1100 1460 1142 Ellendtius
1495 1100 1565 1153 (de
1580 1100 1676 1153 prol.
1691 1113 1729 1153 p.
1745 1100 1828 1155 33.)
1861 1105 1968 1141 recte
1999 1105 2126 1153 notat,
2159 1101 2422 1152 Aristotelem,

103 1171 171 1210 ubi
206 1171 308 1209 bene
341 1168 584 1209 ordinandae
617 1169 844 1221 tragoediae
881 1169 1064 1221 exempla
1091 1169 1349 1219 requirantur,
1383 1181 1541 1220 semper
1571 1168 1663 1218 fere,
1689 1169 1854 1220 priores,
1889 1182 1976 1209 raro
2010 1173 2049 1208 et
2080 1170 2308 1221 plerumque
2334 1179 2445 1208 cum·

94 1244 197 1278 nota
216 1237 385 1287 quadam
404 1237 720 1287 reprehensionis
739 1237 968 1288 Euripidem
987 1249 1302 1277 commemorare.
1350 1237 1541 1276 Veremur
1559 1250 1608 1276 ne
1626 1237 1741 1276 nimis
1763 1240 1980 1286 Φιλευριπίῦης
2004 1236 2121 1277 fuerit
2143 1236 2423 1277 subtilissimus

104 1309 237 1347 noster
263 1304 421 1346 criticus
447 1303 618 1355 ideoque
639 1306 747 1357 justo
765 1304 1004 1358 pertinacius
1033 1303 1257 1345 defenderit
1284 1315 1367 1344 rem
1386 1304 1704 1345 infirmissimam.
1748 1304 1839 1345 Alia
1866 1304 2100 1357 vituperatio
2122 1303 2422 1357 Euripideorum

103 1374 353 1426 prologorum
390 1373 482 1412 duci
518 1377 649 1424 potest
683 1385 732 1412 ex
759 1374 871 1413 brevi
906 1373 975 1412 illa
1002 1373 1237 1412 Aristotelea
1263 1372 1503 1412 definitione.
1557 1373 1663 1411 Dicit
1690 1373 1791 1412 enim
1818 1374 1913 1424 phil.
1942 1374 2070 1425 (Poet.
2085 1374 2176 1412 XII.
2191 1373 2267 1423 4.):
2296 1374 2362 1408 ἔστι
2388 1375 2423 1408 δε·

102 1442 267 1489 πρόλογος
292 1446 387 1488 μέρος
413 1443 488 1477 ὅλον
513 1444 696 1489 τραγῳδίας
720 1442 758 1478 τὸ
787 1443 852 1490 πρὸ
875 1446 980 1489 χοροῦ
1007 1441 1156 1488 παρόδου
1183 1445 1222 1479 et
1250 1441 1370 1491 paulo
1398 1440 1502 1480 infra
1520 1440 1632 1492 (XII.
1650 1440 1724 1493 7.):
1752 1441 1898 1488 πάροδος
1923 1443 1943 1486 ἦ
1970 1442 2079 1490 πρώτη
2105 1446 2181 1483 λέξις
2207 1442 2284 1478 ὅλου
2305 1444 2420 1488 χοροῦ.

102 1509 311 1560 Prologum
345 1508 464 1560 igitur
498 1521 622 1559 usque
655 1508 707 1549 ad
739 1508 931 1561 parodum
962 1508 989 1548 i.
1024 1521 1058 1548 e.
1087 1507 1139 1548 ad
1164 1507 1332 1560 primum
1358 1506 1478 1548 totius
1506 1507 1614 1548 chori
1643 1508 1832 1548 canticum
1859 1508 2021 1561 produci
2048 1507 2143 1549 vult.
2197 1507 2423 1560 Systemata

101 1577 373 1628 anapaestica‚
402 1589 503 1627 quae
531 1589 809 1627 nonnunquam
841 1577 967 1628 primo
1000 1576 1057 1616 illi
1093 1577 1211 1617 totius
1244 1577 1353 1617 chori
1380 1576 1533 1616 cantico
1567 1575 1802 1616 antecedunt
1835 1580 1874 1616 et
1906 1589 2007 1627 quae
2039 1590 2117 1617 non
2143 1590 2169 1617 a
2194 1581 2274 1616 toto
2303 1576 2420 1616 choro

102 1646 354 1692 canebantur,
384 1644 455 1685 sed
483 1645 534 1685 ab
563 1657 640 1684 uno
669 1645 894 1696 coryphaeo
921 1645 1198 1696 recitabantur,
1226 1658 1251 1686 a
1278 1644 1429 1697 parodo
1453 1657 1532 1684 non
1550 1656 1709 1696 prorsus
1729 1644 1975 1685 excludenda
2002 1649 2102 1696 sunt,
2130 1657 2264 1685 verum
2281 1642 2421 1696 parodi

101 1714 214 1764 quasi
242 1713 511 1764 ingressiones
538 1712 737 1764 putandae
767 1717 867 1763 sunt,
897 1725 998 1765 quae
1026 1726 1051 1753 a
1078 1726 1257 1753 sermone
1286 1712 1492 1752 transitum
1519 1717 1659 1763 parant
1686 1712 1738 1752 ad
1766 1721 1934 1752 cantum.
1988 1712 2243 1753 Inveniuntur
2269 1724 2421 1762 quoquc

100 1782 272 1831 fabulae,
300 1782 341 1820 in
369 1781 512 1831 quibus
540 1781 666 1832 primo
694 1780 804 1820 initio
833 1781 972 1822 chorus
999 1782 1040 1821 in
1060 1794 1218 1822 scenam
1245 1780 1388 1833 prodit,
1418 1785 1460 1820 ut
1487 1780 1528 1820 in
1546 1780 1688 1820 Aesch.
1716 1781 1836 1832 Pers„
1866 1794 1967 1831 quae
1995 1780 2245 1821 nihilominus
2271 1778 2419 1832 parodo

100 1863 178 1891 non
208 1853 354 1889 carent.
410 1849 592 1899 Namque
626 1848 667 1888 in
703 1849 765 1889 his
796 1851 1042 1901 coryphaeus
1077 1849 1374 1890 fundamentum
1402 1849 1568 1889 actionis
1597 1849 1755 1901 exponit
1782 1853 1995 1901 systemate
2021 1849 2286 1901 anapaestico,
2315 1847 2420 1899 quod

102 1918 248 1969 excipit
277 1916 450 1969 parodus
478 1916 729 1957 Aristotelea.
783 1918 844 1957 De
879 1931 957 1968 qua
988 1931 1030 1957 re
1069 1918 1193 1957 fusius
1231 1916 1365 1957 scribit
1394 1917 1640 1957 Hermannus
1666 1916 1717 1955 ad
1744 1917 1861 1956 Arist.
1887 1917 1995 1956 Poet.
2023 1917 2116 1956 XII.
2144 1918 2179 1956 7.
2232 1917 2419 1956 Nonnun-

102 2000 219 2035 quam
248 1998 342 2024 vero
371 1984 504 2035 Eurip.
533 1984 630 2024 illud
652 1986 878 2025 Aristotelis
912 1986 1196 2037 praescriptum
1232 1985 1390 2025 omnino
1417 1984 1593 2035 negligit,
1623 1997 1741 2033 quum
1768 1998 1936 2035 persona
1961 1985 2166 2036 prologum
2192 1998 2314 2036 agens
2340 1997 2419 2024 non

100 2065 226 2103 usque
261 2052 313 2091 ad
341 2051 532 2103 parodum
566 2051 606 2091 in
634 2064 754 2092 scena
780 2057 1024 2104 permaneat,
1054 2053 1125 2093 sed
1147 2054 1233 2104 ‚iam
1261 2056 1381 2092 antea
1406 2051 1596 2091 recedens
1624 2051 1711 2091 aliis
1739 2052 1944 2103 agentibus
1971 2051 2147 2104 personis
2173 2052 2299 2092 locum
2328 2063 2418 2091 con-

100 2121 227 2160 cedat.
282 2119 410 2167 Quum
443 2124 573 2159 autem
602 2131 722 2172 saepe
755 2121 794 2160 in
827 2121 1049 2172 Euripideis
1081 2121 1222 2160 fabulis
1256 2132 1425 2171 persona
1456 2124 1696 2168 προλογῐςουσα
1730 2119 1876 2158 1111113111
1908 2120 2075 2160 actionis
2108 2120 2234 2172 ipsius
2265 2124 2417 2171 partem

99 2190 262 2238 habeat,
297 2188 383 2228 fieri
420 2192 565 2239 potest,
599 2193 640 2228 ut
672 2190 710 2227 τὸ
740 2194 834 2237 μέρος
863 2192 1045 2238 τραγῳδίας
1078 2190 1115 2226 τὸ
1151 2189 1217 2238 πρὸ
1240 2193 1345 2237 χοροῦ
1377 2188 1527 2237 παρόδου
1554 2188 1595 2227 in
1622 2187 1720 2228 duas
1746 2188 1980 2229 dissolvatur
2007 2193 2151 2241 partes,
2181 2201 2283 2239 quae
2311 2188 2413 2227 intel*

99 2269 143 2297 se
170 2256 332 2297 minime
361 2255 598 2296 cohaereant
625 2269 752 2309 neque
781 2258 855 2295 ὅλον
881 2274 920 2302 τι,
946 2262 1069 2298 totum
1096 2256 1284 2309 quiddam
1312 2260 1351 2296 et
1378 2256 1572 2307 integrum
1599 2255 1779 2296 efficiant.
1832 2257 1970 2310 Itaque
2004 2256 2045 2296 in
2072 2257 2132 2297 his
2164 2256 2309 2298 sabulis
2337 2256 2415 2297 duo

98 2325 293 2366 exsistunt
319 2323 486 2375 prologi,
515 2336 677 2374 quorum
704 2326 827 2365 altero
854 2330 1051 2364 narrativo
1077 2331 1230 2366 resecto
1257 2326 1357 2365 alter
1384 2330 1571 2362 actuosus
1597 2337 1728 2365 veram
1756 2326 1912 2365 fabulae
1938 2326 2221 2377 ingressionem
2249 2326 2326 2366 dat.

287 2392 435 2434 Omnes
454 2392 530 2432 hae
549 2392 866 2445 vituperationes,
887 2406 985 2444 quas
1004 2393 1186 2435 universe
1207 2391 1410 2445 Euripidei
1429 2392 1579 2444 prologi
1599 2393 1810 2439 subierunt,
1838 2393 1878 2434 in
1901 2398 2058 2435 nostrae
2079 2406 2233 2446 quoque
2254 2393 2414 2435 fabulae

95 2462 300 2513 prologum
334 2461 479 2500 valent.
541 2461 714 2500 Primum
747 2462 851 2500 enim
886 2462 951 2501 ille
984 2466 1044 2501 est
1082 2466 1318 2511 narr-ativae,
1355 2473 1472 2511 quum
1505 2461 1692 2512 Polydori
1724 2463 1862 2502 umbra
1893 2464 1979 2503 sola
2003 2463 2043 2501 in
2069 2475 2229 2502 scenam
2255 2475 2413 2514 progre-

93 2530 208 2569 diens
252 2529 542 2581 spectatoribus
582 2541 713 2568 rerum
753 2534 896 2568 statum
938 2534 1118 2580 exponat.
1128 2529 1180 2582 ²⁰)
1243 2528 1398 2568 Deinde
1432 2527 1537 2567 idem
1569 2535 1890 2579 praeparatorius
1924 2535 1996 2570 est.
2056 2530 2274 2582 Polydorus
2308 2530 2413 2570 enim

92 2598 380 2649 spectatoribus
408 2602 552 2647 narrat,
581 2596 622 2636 id
651 2597 756 2647 quod
774 2597 975 2648 agentium
992 2610 1105 2636 nemo
1134 2597 1219 2647 scit,
1247 2609 1325 2636 uno
1352 2595 1419 2635 illo
1448 2595 1512 2635 die
1531 2596 1773 2648 Polyxenam
1791 2598 1954 2639 Achillis
1971 2598 2153 2638 manibus
2172 2597 2412 2638 immolatum

92 2664 139 2705 iri
172 2669 210 2705 et
243 2676 356 2705 suum
391 2676 533 2718 corpus
566 2676 591 2705 a
631 2663 903 2717 Polymestore
936 2663 976 2703 in
1010 2675 1117 2704 mare
1152 2665 1371 2716 proJectum
1404 2663 1445 2702 in
1483 2664 1615 2705 matris
1655 2677 1793 2706 manus
1832 2670 2039 2706 venturum
2071 2677 2169 2706 esse.
2229 2665 2410 2715 Denique

90 2736 241 2782 duple-z·
266 2733 332 2772 ille
361 2737 421 2772 est
449 2738 489 2772 et
517 2733 550 2771 si
578 2732 767 2783 Polydori
794 2732 964 2770 narratio
992 2738 1199 2782 resecatur,
1227 2732 1432 2781 tragoedia
1459 2733 1545 2782 plus
1572 2734 1870 2783 pulchritudinis
1899 2746 2019 2783 quam
2046 2734 2270 2772 detrimenti
2291 2734 2410 2783 capit,

90 2813 209 2850 quum
237 2801 426 2841 Hecubae
455 2801 592 2851 oratio,
623 2800 698 2841 etsi
725 2812 803 2841 non
826 2800 1016 2851 jambica,
1045 2801 1164 2840 multo
1192 2800 1383 2851 aptiorem
1411 2799 1568 2841 fabulae
1596 2801 1877 2852 expositionem
1905 2801 2103 2852 praebeat.

276 3023 322 3056 ²⁰)
355 3023 472 3062 Neque,
496 3025 530 3054 ut
552 3023 580 3054 id
604 3031 728 3063 quoque
758 3023 787 3055 in
807 3022 939 3054 transitu
964 3021 1125 3061 attingam,
1150 3021 1373 3060 Aristophaneo
1397 3022 1435 3054 illi
1454 3023 1526 3062 Joco
1549 3025 1704 3062 repugnat
1731 3023 1879 3063 prologus
1901 3022 2027 3055 rabulae
2050 3026 2187 3060 nostrae,
2209 3028 2316 3053 verum
2340 3020 2406 3059 pari

353 3075 445 3106 modo
467 3078 613 3123 ληκυθίῳ
640 3076 772 3108 discindi
796 3078 916 3116 potest:
932 3075 1037 3115 ⁰!Iuw,
1073 3077 1189 3121 νεκρῶν
1216 3077 1391 3119 κευθμῶνα
1419 3076 1473 3110 καὶ
1501 3074 1620 3111 σκότου
1647 3075 1751 3117 πύλας

939 3138 1045 3179 λιπών,
1068 3136 1105 3174 ἵν’
1129 3137 1232 3180 'along
1256 3160 1305 3164 —
1331 3138 1486 3181 ληκύθιον
1514 3137 1683 3175 ἀπώλεσεν.
