2634 3430
1293 44 1349 93 15

166 167 336 226 minime)
346 170 525 221 spectare
551 167 768 209 videantur.
812 168 1075 217 Quamobrem
1097 170 1188 221 jure
1214 169 1384 211 refertur
1409 168 1450 209 in
1467 181 1669 209 numerum
1696 182 1842 220 eorum,
1871 182 1972 220 quos
1990 169 2109 210 Arist.
2127 174 2297 220 ῥητορικῶς
2322 175 2476 219 λέγοντας

166 237 370 278 induxisse
402 236 509 277 dicit.
562 236 805 287 Aequalibus
841 236 934 287 suis,
961 237 1027 287 qui
1061 238 1259 289 elegantia
1286 238 1497 278 verborum
1528 241 1646 288 atque
1678 239 1891 279 subtilitate
1924 237 2204 280 sententiarum
2236 250 2475 290 magnopere

165 305 472 356 delectabantur,
507 305 623 346 nimis
654 304 862 356 indulgens
896 304 1042 345 fabulis
1073 306 1210 346 inserit
1239 304 1549 347 concertationes
1588 305 1673 345 illas
1701 307 1910 358 judiciales
1945 306 2009 347 vel
2031 305 2237 356 forenses,
2266 307 2306 345 in
2333 307 2475 357 quibus

166 372 244 413 duo
268 372 308 413 in
331 373 510 414 diversas
535 371 751 414 sententias
777 371 1026 414 discedentes
1054 386 1212 418 causam
1229 374 1413 415 deferunt
1439 372 1491 413 ad
1509 372 1664 413 tertium
1692 374 1898 426 quendam,
1918 387 1996 426 quo
2020 374 2169 415 arbitro
2195 373 2237 413 in
2264 374 2475 415 contrarias

164 446 298 493 partes
331 442 541 493 disputant,
579 445 620 480 ut
654 441 696 479 in
721 445 855 480 nostra
888 440 1023 481 fabula
1048 442 1300 493 Polymestor
1326 447 1366 482 et
1391 441 1558 481 Hecuba
1578 440 1714 492 judice
1741 443 2034 493 Agamemnone
2062 454 2203 482 causas
2231 454 2325 481 suas
2351 448 2475 482 orant.

166 509 428 558 Quamobrem
447 507 632 557 Quinctil.
660 507 887 561 Euripidem
913 508 1127 563 praecipue
1151 509 1396 552 commendat
1423 509 1643 562 oratoribus
1661 513 1779 562 atque
1806 509 2009 552 advocatis
2027 510 2134 564 (inst.
2150 515 2247 552 orat.
2261 509 2313 550 X.
2331 511 2364 561 1,
2379 510 2475 563 67.).

351 579 399 616 In
429 582 563 616 nostra
595 577 731 615 fabula
764 577 911 615 multae
946 578 1107 626 quidem
1132 578 1377 618 inveniuntur
1402 578 1623 618 sententiae
1650 578 1969 629 philosophorum
1996 578 2213 619 doctrinam
2240 577 2476 625 redolentes,

163 644 375 697 pleraeque
405 656 502 686 vero
534 647 750 695 congruunt
796 644 915 685 rebus
959 645 1082 695 gestis
1125 646 1370 696 gerendisve.
1428 646 1603 696 Longius
1641 650 1773 685 autem
1820 647 1872 685 ab
1919 647 2072 685 actione
2111 648 2209 686 Hec.
2256 646 2478 697 digreditur

164 725 227 752 vv.
246 712 477 762 596-606,
495 712 535 752 in
554 712 698 762 quibus
725 711 862 751 audita
878 712 1128 762 magnanima
1145 713 1369 764 Polyxenae
1387 718 1511 753 morte
1538 714 1590 753 de
1617 713 1792 752 fontibus
1818 713 1972 752 virtutis
1999 713 2193 753 meditans
2211 726 2299 753 eam
2318 717 2479 765 praeter

164 791 317 820 omnem
350 778 594 831 antiquitatis
627 778 949 821 consuetudinem
980 793 1058 821 non
1077 793 1141 821 ex
1172 782 1255 822 sola
1281 783 1446 834 originis
1472 782 1677 822 nobilitate
1704 781 1858 832 repetit,
1886 794 2020 821 verum
2048 781 2163 821 etiam
2188 781 2364 833 pendere
2392 780 2476 820 vult

164 860 186 888 e
214 847 369 887 liberali
403 846 635 888 educatione
669 852 788 900 atque
829 848 1083 889 institutione.
1128 848 1251 897 Quem
1283 850 1409 891 locum
1446 850 1708 902 comprobans
1743 849 1971 899 Hartungus
2004 848 2070 902 (E.
2088 862 2119 888 r.
2139 849 2170 889 Ι.
2183 862 2222 901 p.
2236 849 2334 902 518)
2366 848 2475 898 dicit,

164 916 298 956 verbis
327 915 585 966 exprimenda
612 916 737 956 fuisse
766 929 827 966 ea,
856 929 958 966 quae
986 916 1127 956 docere
1153 918 1317 957 voluerit
1342 923 1463 970 poeta
1492 917 1722 969 Polyxenae
1751 917 1972 969 exemplum
2000 917 2266 969 proponendo.
2321 917 2374 958 Ut
2401 917 2475 957 hoc

164 983 411 1034 concedatur,
446 984 607 1025 minime
642 989 774 1025 tamen
807 985 966 1035 probari
998 989 1129 1035 potest
1155 987 1257 1035 quod
1283 987 1411 1026 addit:
1444 999 1518 1025 nec
1545 999 1753 1037 personam
1780 998 1855 1024 nec
1881 991 2035 1037 tempus
2062 987 2189 1036 magis
2217 990 2475 1038 opportunum

164 1051 327 1104 reperiri
358 1051 554 1103 potuisse3
587 1052 704 1093 immo
741 1066 836 1093 vero
871 1053 990 1093 etiam
1024 1053 1130 1093 illam
1167 1055 1394 1094 sententiam
1431 1067 1510 1094 non
1543 1058 1761 1104 opportuno
1794 1053 1882 1092 loco
1916 1054 2164 1093 enunciatam
2196 1066 2301 1102 esse,
2329 1054 2475 1104 optime

164 1133 212 1161 eo
240 1124 418 1173 apparet,
447 1121 553 1171 quod
579 1121 676 1161 Hec.
703 1121 792 1174 ipsa
817 1126 958 1173 postea
985 1120 1042 1174 (v.
1058 1122 1167 1176 607.)
1195 1121 1303 1162 dicit:
1331 1124 1386 1160 καὶ
1412 1127 1513 1160 wem
1539 1124 1596 1170 μὲν
1622 1121 1660 1165 ῦὴ
1687 1123 1761 1164 ,οἷς
1787 1122 1946 1163 ἐτόξευσεν
1970 1120 2082 1168 μάτην.
2129 1120 2237 1160 Βο110
2263 1121 2475 1172 interrogat

162 1188 391 1230 Eustathius
417 1188 489 1241 (ad
503 1189 549 1229 Il.
567 1189 680 1229 XIII.
696 1189 822 1242 292.):
857 1189 921 1227 ἄλλ’
957 1190 1014 1228 ἐὰν
1048 1190 1161 1237 μάτην,
1187 1190 1238 1227 διὰ
1271 1194 1306 1233 11',
1333 1185 1358 1227 ὦ
1385 1190 1553 1238 Εὐριπίδη,
1579 1190 1659 1231 ὅλως
1683 1191 1859 1239 ἐτόξευσεν;
1888 1190 2107 1240 Pflllgkius,
2136 1190 2211 1229 etsi
2229 1190 2315 1241 lpse
2341 1190 2475 1240 gravis

163 1255 363 1307 Euripidis
395 1262 678 1308 propugnator,
717 1260 850 1296 tamen
883 1257 986 1297 hanc
1022 1257 1252 1298 sententiam
1291 1270 1428 1311 parum
1460 1261 1718 1310 opportunam
1752 1268 1840 1298 esse
1868 1255 2056 1308 judicans
2087 1256 2215 1297 addit:
2257 1256 2474 1308 „ejusmodi

162 1318 397 1371 μαισιολογιῶν
434 1325 574 1375 plenae
614 1325 775 1364 fabulae
818 1325 1082 1376 Euripideae“
1121 1325 1192 1378 (ad
1210 1326 1302 1364 Hec.
1317 1325 1582 1378 592—602.).
1608 1347 1660 1352 -—
1686 1324 1974 1364 Gravissima-m
2017 1330 2136 1376 atque
2183 1324 2475 1365 meritissimam

162 1392 417 1445 plurimorum
450 1392 673 1434 criticorum
706 1393 964 1434 offensionem
997 1393 1236 1434 concitarunt
1268 1406 1330 1433 vv.
1363 1394 1594 1442 820—826‚
1637 1406 1735 1442 quos
1768 1405 1896 1442 neque
1929 1393 2090 1443 reginae
2124 1393 2308 1444 dignitati
2344 1406 2472 1442 neque

162 1460 388 1511 tragoediae
415 1461 644 1501 sublimitati
670 1465 783 1512 aptos
811 1474 900 1501 esse
923 1460 1160 1513 Judicamus.
1203 1462 1398 1512 Aristoph.
1420 1464 1506 1512 Jam
1531 1461 1571 1499 in
1590 1461 1688 1499 Rau.
1709 1460 1949 1511 Aeschylum
1978 1460 2127 1500 inducit
2154 1460 2205 1500 de
2234 1461 2366 1513 Eurip.
2386 1473 2473 1500 cum

161 1528 447 1581 vituperatione
474 1528 672 1569 dicentem
695 1529 779 1583 (vv.
796 1531 909 1570 1079.
925 1529 1020 1583 sq.):
1055 1529 1095 1567 οὗ
1112 1529 1322 1579 προαγωγοὺς
1338 1529 1485 1571 κατέδειξ’
1513 1526 1622 1577 οὗτοςς
1650 1528 1804 1569 Deinde
1822 1529 1944 1569 schol.
1963 1528 2015 1568 ad
2033 1529 2153 1580 Soph.
2173 1529 2236 1580 Aj.
2255 1531 2345 1570 520.
2364 1529 2473 1569 illum

162 1601 318 1636 nostrae
345 1597 504 1636 fabulae
531 1597 659 1636 locum
675 1602 783 1637 notat
798 1598 951 1638 dicens:
981 1598 999 1634 ὅ
1027 1601 1061 1635 δέ
1077 1614 1114 1646 γε
1141 1597 1313 1646 Εὐριπίδης
1337 1597 1629 1646 μαστροπικώῐατα
1648 1597 1762 1646 εἱςάγει
1788 1598 1845 1643 τὴν
1858 1598 1999 1644 Ἰᾷκάβην
2015 1602 2192 1645 λέγουσαν·
2211 1600 2278 1635 ποῦ
2303 1598 2362 1641 τὰς
2379 1601 2475 1645 φίλας

162 1666 224 1711 δῆτ’
254 1666 413 1714 εὐφρόνας
439 1668 554 1708 δείξεις,
582 1665 662 1707 ἄναξ
688 1671 752 1706 κτλ.
798 1667 1039 1717 Hartungus,
1068 1666 1135 1716 qui
1158 1665 1253 1704 nulli
1286 1665 1369 1705 fere
1394 1665 1594 1716 Euripidis
1619 1666 1910 1716 vituperationiv
1930 1678 2007 1705 non
2034 1666 2262 1716 respondet,
2291 1666 2343 1706 ad
2371 1667 2474 1706 hanc

162 1734 284 1774 verba
310 1733 544 1774 scholiastae
564 1734 766 1787 Euripidei
794 1735 935 1775 afferre
963 1734 1059 1775 satis
1087 1734 1205 1774 habet
1231 1734 1295 1787 (E.
1314 1746 1343 1774 r.
1358 1734 1387 1773 Ι.
1402 1746 1441 1786 p.
1455 1732 1579 1786 523.)
1634 1733 1711 1782 Qui
1739 1732 1856 1773 dicit:
1887 1733 1925 1770 οὗ
1953 1734 2193 1783 μιιστροπώδεις
2220 1736 2255 1772 οῖ
2279 1735 2379 1783 λόγοι,
2407 1734 2471 1773 ἀλλ’

161 1803 380 1850 ἀφαιρεθεῖσα
408 1803 463 1837 τὸν
488 1807 542 1847 τῆς
567 1803 663 1848 τύχης
691 1803 788 1851 ὄγκον
815 1805 857 1845 εἰς
883 1808 950 1840 πᾶν
976 1804 1082 1839 ὁτιοῦν
1108 1806 1302 1850 καταβαίνει,
1333 1792 1561 1850 καθομιλοῡσα
1589 1807 1655 1845 τοῖς
1682 1806 1804 1851 καιροῖς
1829 1804 1883 1838 καὶ
1910 1805 2051 1850 λέγουσα
2076 1807 2207 1839 τοιαῦτα
2235 1804 2276 1839 δι’
2303 1799 2347 1840 ὧν
2373 1804 2475 1850 ἔμελλε

161 1874 342 1917 θηρᾶσθαι
367 1869 539 1916 βοήθειαν.
584 1870 737 1916 Quibus
764 1871 895 1910 verbis
913 1870 1011 1909 nihil
1036 1882 1187 1919 negans
1214 1870 1286 1909 nisi
1312 1870 1531 1917 μαστροπικὴν
1558 1882 1646 1908 esse
1676 1870 1910 1909 sententiam
1938 1869 2023 1920 ipse
2051 1870 2242 1919 concedit,
2271 1869 2475 1909 Hecubam

160 1936 390 1988 dignitatem
421 1949 500 1978 11011
532 1941 705 1978 tuentem
737 1936 979 1979 descendere
1012 1937 1064 1978 ad
1097 1937 1242 1988 omnia,
1279 1950 1532 1989 quaecunque
1571 1950 1729 1978 movere
1757 1937 1911 1990 possint
1943 1938 2249 1988 Agamemnonis
2287 1938 2473 1978 animum.

160 2006 272 2053 Quae
299 2007 514 2045 Raumerus
542 2006 602 2058 (in
617 2011 764 2045 annott.
779 2006 831 2045 ad
843 2006 956 2059 Eur.)
983 2006 1033 2046 de
1052 2007 1127 2045 hac
1154 2018 1196 2045 re
1223 2006 1326 2055 dicit,
1353 2006 1681 2056 vituperationem
1709 2005 1910 2057 Euripidis
1936 2005 2094 2046 minime
2122 2005 2271 2046 diluere
2299 2011 2474 2058 possunt.

159 2073 263 2114 Nam
290 2072 397 2126 quod
415 2074 511 2115 Hec.
540 2074 628 2126 ipsa
653 2074 723 2114 illa
740 2074 863 2114 verba
889 2087 1183 2125 supervacanea
1201 2074 1405 2113 arbitratur
1423 2086 1553 2132 neque
1572 2074 1736 2113 multum
1764 2087 1814 2113 ex
1840 2074 1890 2113 iis
1909 2079 2054 2124 sperat,
2082 2080 2202 2114 antea.
2213 2077 2298 2124 jam
2317 2074 2474 2113 dicens:

159 2144 213 2178 καὶ
238 2142 301 2190 μὴν
328 2147 405 2184 ἴσως
437 2146 494 2192 μὲν
519 2147 577 2179 τοῦ
603 2142 704 2192 λόγου
731 2142 819 2179 κενὸν
846 2141 926 2186 τόδε,
956 2165 1008 2170 —
1037 2142 1163 2192 Κύπριν
1188 2142 1387 2193 προβάλλειν,
1414 2139 1456 2181 id
1487 2140 1605 2182 nobis
1638 2153 1784 2194 augere
1811 2140 1941 2194 potius
1969 2153 2086 2192 quam
2113 2140 2290 2183 minuere
2318 2141 2476 2183 videtur

159 2210 292 2249 odium
318 2210 360 2248 in
387 2223 486 2249 eam.
540 2211 786 2260 Quamquam
819 2211 996 2261 reliquae
1029 2211 1218 2249 Hecubae
1247 2210 1462 2249 sententiae
1490 2210 1646 2248 omnino
1675 2209 1902 2261 probandae
1929 2212 2030 2259 sunt,
2060 2214 2192 2249 tamen
2219 2209 2473 2263 vituperatiO,

157 2277 199 2319 in
225 2290 344 2330 quam
372 2277 492 2329 duae,
531 2292 630 2329 quas
658 2278 875 2328 attulimus,
903 2278 1142 2328 inciderunt,
1170 2279 1324 2330 gravior
1350 2282 1420 2326 est,
1449 2291 1565 2326 quam
1594 2284 1634 2316 ut
1662 2278 1897 2316 accedamus
1922 2278 1974 2316 ad
2002 2280 2238 2317 sententiam
2266 2279 2475 2329 Lessingii,

158 2345 225 2398 qui
252 2346 297 2401 (l.
313 2358 345 2387 c.
362 2358 448 2400 cap.
463 2345 547 2401 89.)
575 2344 688 2398 dicit,
716 2344 889 2388 studiose
912 2344 1083 2387 animum
1110 2344 1385 2388 attendendum
1411 2344 1464 2387 ad
1490 2345 1695 2387 Hecubam
1721 2344 1975 2408 Euripideam
2003 2352 2043 2386 et
2070 2347 2413 2397 acquiescendum,
2441 2348 2476 2386 si

158 2416 247 2464 quis
272 2420 429 2465 praeter
454 2416 563 2454 illam
589 2415 737 2453 nullam
763 2414 941 2465 reginam
966 2415 1190 2467 loquentem
1207 2413 1407 2454 audiverit.
1453 2412 1707 2464 Reliquarum
1725 2424 1982 2466 personarum
2002 2414 2220 2457 sententias
2239 2414 2477 2457 Aristoteleo

131 2505 135 2508 ·
156 2487 380 2534 praecepto,
408 2488 451 2522 ut
477 2483 556 2523 sint
583 2489 718 2534 aptae,
747 2483 980 2523 satisfacere
1003 2483 1244 2534 judicamus,
1273 2495 1507 2533 quamquam
1533 2495 1678 2532 negare
1706 2495 1783 2520 non
1809 2493 2031 2534 possumus,
2061 2484 2291 2523 nonnullum
2318 2496 2476 2524 versum

157 2564 235 2592 non
270 2555 354 2592 arte
387 2550 598 2593 cohaerere
635 2564 723 2592 cum
759 2551 931 2601 actione,
966 2564 1100 2593 verum
1136 2562 1466 2603 supervacaneum
1492 2563 1596 2590 esse.
1647 2555 1870 2596 Σιιχομυθιάι
1898 2550 1943 2602 (i.
1972 2565 2007 2590 e.
2036 2552 2236 2603 longiores
2263 2566 2476 2601 sermones,

156 2619 225 2672 qui
259 2618 422 2660 alternis
457 2619 637 2660 versibus
674 2618 776 2660 inter
811 2624 964 2660 actores
1008 2618 1126 2673 fiunt)
1163 2622 1317 2660 nostrae
1343 2616 1513 2669 fabulae,
1548 2618 1623 2659 etsi
1655 2632 1734 2659 non
1765 2622 1902 2670 aperte
1936 2619 2184 2661 Aristoteleis
2222 2621 2476 2673 praescriptis

156 2692 392 2739 repugnant,
426 2692 558 2737 tamen
593 2687 877 2739 vituperandae
910 2688 1111 2739 videntur,
1147 2686 1249 2738 quod
1274 2690 1478 2726 versantur
1503 2687 1734 2739 plerumque
1761 2687 1802 2727 in
1829 2687 2009 2729 molestis
2036 2688 2409 2739 interrogationibus
2437 2694 2477 2730 et

156 2757 368 2807 responsis,
398 2768 477 2806 qua
503 2768 545 2795 re
564 2756 845 2795 sententiarum
873 2757 977 2796 vires
1004 2756 1174 2795 maxime
1202 2759 1468 2795 extenuantur.
1514 2755 1672 2807 Optime
1690 2754 1880 2807 Solgerus
1909 2757 1954 2810 (1.
1970 2756 2025 2810 0.)
2044 2757 2234 2810 Aeschyli
2262 2762 2477 2806 στιχομινθῐας

156 2836 243 2865 011111
276 2823 386 2866 saxis
418 2823 648 2865 adversario
685 2824 938 2865 vehementer
971 2824 1155 2874 ingestis,
1182 2822 1387 2874 Sophoclis
1415 2836 1501 2861 cum
1529 2823 1683 2873 sagittis
1715 2824 1931 2873 prudenter
1957 2825 2131 2876 intentis,
2161 2827 2360 2878 Euripidis
2388 2838 2474 2864 cum

154 2891 244 2944 pilis
273 2891 474 2933 commode
501 2891 601 2932 ultro
629 2890 804 2944 citroque
825 2891 989 2943 jactatis
1016 2895 1224 2943 comparat.

343 2959 531 3006 Quartam
544 2959 773 3011 tragoediae
793 2964 956 3012 partem,
976 2960 1187 3000 dictionem
1200 2958 1314 2999 Arist.
1329 2958 1547 3010 perfectam
1565 2962 1683 3010 atque
1702 2960 1925 3001 absolutam
1944 2973 2035 3002 esse
2056 2960 2148 3001 dicit
2162 2960 2292 3014 (Poet.
2308 2959 2472 3010 xxm),

154 3028 187 3068 si
223 3028 432 3079 perspicua
464 3041 538 3068 nec
569 3032 700 3068 tamen
736 3028 850 3068 exilis
884 3028 950 3078 sit,
980 3041 1139 3078 gravem
1171 3032 1300 3066 aut-em
1333 3038 1422 3065 esse
1452 3032 1490 3065 et
1517 3040 1543 3066 a
1569 3028 1723 3080 vulgari
1752 3030 1927 3069 oratione
1954 3029 2170 3079 discedere,
2201 3029 2235 3068 si
2264 3028 2473 3080 peregrina

153 3095 287 3148 specie
322 3098 453 3138 utatur
485 3095 511 3137 i.
545 3108 581 3138 e.
616 3095 648 3138 si
683 3094 828 3137 habeat
864 3098 1007 3145 γλῶτταν
1039 3109 1072 3137 s.
1101 3108 1218 3136 voces
1252 3093 1471 3145 singulares
1500 3102 1537 3136 et
1565 3098 1755 3146 μεταφοράν
1781 3112 1813 3137 s.
1840 3098 2136 3138 translationem
2164 3104 2201 3136 et
2230 3097 2421 3145 quidquid
2449 3110 2474 3135 a

2221 3158 2278 3193 2ss
