2634 3430
1265 82 1322 131 10

131 207 173 247 id
206 206 310 257 quod
348 211 515 258 apparet
553 219 602 247 ex
636 206 885 247 similitudine
918 210 1075 247 nostrae
1110 206 1269 248 fabulae
1309 220 1397 247 cum
1429 207 1516 259 Iph.
1544 207 1732 262 Aulid.¹⁸)
1758 212 1797 250 et
1823 209 2011 261 probatur
2046 210 2164 251 etiam
2197 212 2448 265 Neoptolemi

130 275 356 327 precatione
375 275 433 329 (v.
447 276 537 317 542.
553 275 677 328 sqq.):
704 275 877 325 πρευμενὴς
902 276 934 313 δ’
954 274 1027 323 ἡμῖν
1053 279 1334 325 γενοῦ,--λῦσαι’
1357 292 1391 315 τε
1419 275 1576 326 πρύμνας,
1600 279 1656 315 καὶ
1676 277 1889 327 χαλινωιήρια
1909 300 1962 307 -
1985 281 2062 316 νεῶν
2095 279 2152 323 δὸς
2183 279 2265 328 ἡμῖν.
2310 282 2448 334 Itaque

129 343 329 384 immolata
347 344 554 395 Polyxena
579 343 840 394 manibusque
858 343 1048 384 Achilleis
1075 343 1238 396 placatis
1265 343 1396 384 statim
1414 349 1553 386 ventos
1579 344 1678 385 verti
1703 345 1885 397 oportuit.
1929 346 1976 386 In
2002 350 2137 387 nostra
2161 351 2294 388 autem
2312 349 2450 390 fabula

134 411 386 464 Neoptolemi
412 424 550 465 preces
576 411 673 451 nihil
687 410 902 463 proficiunt,
932 424 1049 463 quum
1068 412 1176 452 venti
1201 416 1459 463 permaneant
1475 412 1636 454 adversi
1656 417 1695 454 et
1714 413 1954 455 Graecorum
1971 413 2213 465 navigationi
2231 414 2449 467 longiorem

129 480 297 520 afferant
323 493 472 520 moram
488 480 608 530 idque
636 492 682 519 eo
700 484 852 519 tantum
871 480 1046 531 consilio,
1071 484 1114 521 ut
1131 481 1373 532 Agamemno
1393 481 1582 522 Hecubae
1600 481 1740 523 ultioni
1767 481 1902 523 favere
1929 483 2052 535 possit
2079 482 2151 536 (cf.
2167 496 2204 523 v.
2219 484 2309 524 892.
2328 485 2447 539 sqq.),

129 561 210 599 qua
244 548 411 587 feliciter
442 553 604 598 peracta
637 559 687 586 ex
713 547 916 598 inopinato
944 549 1052 588 venti
1080 549 1253 588 oriuntur
1280 548 1456 588 secundi.
1510 550 1624 589 Hanc
1651 550 1893 601 repentinam
1921 555 2124 591 ventorum
2152 552 2448 592 conversionem

128 615 288 655 minime
311 627 361 654 ex
385 614 552 654 actionis
578 614 860 666 compositione
885 614 1019 667 fluere,
1038 628 1173 656 verum
1192 614 1458 656 adventiciam
1478 628 1577 667 esse,
1597 629 1713 658 nemo
1732 629 1810 657 non
1828 616 2031 670 intelliget.
2075 618 2122 658 In
2140 617 2306 659 actionis
2332 618 2449 670 igitur

129 683 274 722 unitate
301 687 474 722 nostram
502 682 679 721 fabulam
706 684 963 735 praescriptis
992 683 1241 723 Aristoteleis
1270 683 1501 723 satisfacere
1528 684 1752 734 negandum
1781 697 1871 724 esse
1894 685 2125 736 judicamus.

314 749 539 790 Secundum
567 750 735 791 actionis
763 751 1086 803 compositionem
1112 751 1208 792 Hec.
1235 751 1276 791 in
1302 763 1463 792 numero
1492 750 1727 802 simplicium
1754 751 1977 794 fabularum
2002 753 2187 794 habenda
2212 756 2291 804 est3
2318 764 2447 803 neque

130 817 229 859 enim
263 817 414 870 agnitio
448 817 490 858 in
522 830 572 859 ea
604 818 706 860 inest
738 831 869 871 neque
902 819 1105 873 inopinata
1135 831 1261 859 rerum
1294 818 1519 870 conversio,
1555 830 1692 859 verum
1724 823 1808 861 tota
1838 820 1940 862 actio
1972 821 2036 862 vel
2065 821 2197 874 potius
2226 820 2329 861 duae
2355 819 2448 860 illae

128 886 302 926 actiones
336 886 494 937 placido
527 891 663 927 tenore
696 888 1012 939 progrediuntur.
1066 889 1111 927 In
1144 888 1372 927 deterrimas
1400 899 1494 927 vero
1528 887 1718 938 simplicis
1754 889 1912 938 generis
1947 890 2187 941 tragoedias,
2225 889 2447 932 ἐπειςοδιώδιις

128 954 238 1005 dico,
272 954 485 995 referenda
518 968 599 995 non
633 961 709 1007 est3
741 969 832 996 nam
867 963 1143 1008 praeterquam
1176 954 1280 1006 quod
1309 954 1412 996 duae
1439 954 1531 995 illae
1557 958 1690 1006 partes
1714 954 1899 998 interiore
1926 957 2083 999 vinculo
2111 959 2343 1010 conjunctae
2369 969 2448 998 non

127 1028 229 1074 sunt,
263 1022 465 1074 utriusque
498 1023 623 1075 partis
656 1023 813 1067 ἐπειςὸδια
847 1037 898 1065 ex
936 1024 1102 1065 actionis
1136 1022 1414 1075 compositione
1446 1021 1583 1062 fluunt.
1638 1022 1836 1071 Μειάβασις
1873 1024 1916 1065 in
1946 1029 2104 1067 nostrae
2132 1024 2291 1066 fabulae
2319 1024 2447 1077 priore

125 1097 238 1143 parte
269 1092 402 1143 posita
433 1104 512 1131 non
540 1097 601 1131 est
633 1092 675 1131 in
708 1093 1010 1132 commutatione
1037 1105 1165 1132 rerum
1198 1091 1458 1132 secundarum
1490 1090 1532 1129 in
1563 1090 1771 1140 adversas,
1800 1104 1937 1132 verum
1970 1093 2011 1132 in
2038 1093 2303 1133 crescentibus
2329 1093 2447 1132 rebus

126 1159 317 1199 adversis.
373 1159 540 1199 Hecuba
566 1160 670 1199 enim
691 1162 778 1210 jam
808 1173 886 1199 non
918 1160 1116 1200 fortunata
1148 1159 1283 1210 regina
1311 1158 1632 1209 opulentissimae
1670 1158 1854 1210 civitatis,
1883 1160 1954 1200 sed
1983 1161 2097 1201 malis
2122 1160 2279 1201 abunde
2305 1160 2449 1201 affecta

128 1231 200 1266 est.
239 1226 412 1277 Trojam,
432 1228 569 1267 urbem
587 1226 887 1277 nobilissimam,
912 1227 1089 1278 dirutam,
1110 1229 1315 1278 conjugem
1344 1238 1558 1276 omnesque
1577 1226 1661 1266 fere
1679 1226 1827 1267 liberos
1846 1227 2086 1269 Achivorum
2112 1228 2216 1268 ferro
2233 1227 2448 1268 trucidatos

127 1294 238 1345 vidit,
252 1294 342 1346 ipsa
354 1297 441 1346 jam
458 1295 500 1335 in
519 1295 747 1335 servitutem
760 1294 979 1335 abducitur.
1024 1296 1243 1347 Permagno
1260 1298 1391 1334 autem
1405 1293 1443 1333 ei
1462 1298 1524 1334 est
1541 1293 1695 1345 solatio,
1714 1294 1821 1345 quod
1838 1295 2043 1347 Polyxena
2058 1295 2140 1336 filia
2157 1297 2244 1347 ejus
2259 1307 2450 1337 conserva

126 1368 203 1413 est;
239 1362 281 1401 id
317 1363 516 1403 servitutis
543 1362 792 1403 incommoda
827 1375 878 1403 ex
909 1368 1028 1415 parte,
1053 1362 1190 1403 lenivit
1223 1366 1261 1401 et
1280 1363 1366 1413 Jam
1390 1361 1480 1413 ipsa
1506 1374 1667 1413 gravem
1694 1374 1807 1402 suam
1832 1362 2029 1403 fortunam
2047 1376 2174 1414 aequo
2198 1363 2275 1404 fert
2306 1363 2448 1403 animo.

126 1430 201 1478 Qui
220 1442 349 1471 rerum
378 1435 502 1471 status
532 1430 569 1470 ei
595 1430 884 1481 quodammodo
913 1431 1011 1472 satis
1029 1443 1193 1483 prosper
1210 1429 1335 1470 videri
1353 1433 1483 1481 potest
1513 1429 1565 1469 ad
1591 1430 1696 1470 mala
1723 1430 1759 1470 ei
1779 1432 1866 1482 jam
1892 1431 2145 1472 imminentia.
2188 1431 2303 1482 Tum,
2331 1430 2448 1483 Poly-

125 1511 230 1538 xena
261 1499 438 1550 abrepta,
468 1499 573 1540 omni
602 1499 741 1539 solatio
768 1499 835 1539 illa
861 1501 1031 1540 orbatur.
1085 1500 1195 1540 Haec
1221 1498 1362 1550 prioris
1392 1498 1513 1550 partis
1539 1498 1726 1546 μετάβασις,
1754 1511 1869 1550 quae,
1898 1512 2016 1550 quum
2043 1500 2152 1550 Hec.,
2175 1502 2287 1551 Justa
2312 1499 2380 1540 illa
2407 1504 2445 1539 et

124 1568 250 1619 proba
266 1567 417 1618 mulier,
437 1567 479 1607 in
497 1567 603 1607 mala
619 1567 827 1619 injiciatur,
847 1567 972 1619 primo
990 1568 1155 1617 illorum,
1175 1578 1271 1617 quos
1299 1565 1531 1605 Aristotcles
1557 1566 1773 1617 proposuit,
1800 1567 2009 1614 μεταβάσεως
2030 1567 2235 1607 modorum
2262 1566 2447 1607 adnume-

124 1635 249 1676 randa
287 1640 358 1685 est,
387 1636 550 1675 multum
583 1636 704 1676 distat
737 1636 788 1675 ab
817 1635 885 1675 illa
916 1635 1227 1685 commutatione,
1257 1647 1374 1685 quam
1400 1634 1520 1674 Arist.
1555 1638 1599 1674 ut
1641 1634 1827 1686 optimam
1874 1635 2113 1687 comprobat.
2167 1635 2306 1686 Neque
2342 1635 2447 1675 enim

122 1705 286 1758 pristina
313 1704 503 1745 Hecubae
531 1703 701 1745 felicitas
727 1702 769 1743 in
796 1707 1047 1756 conspectum
1073 1707 1248 1745 nostrum
1274 1703 1382 1745 venit
1417 1714 1545 1754 neque
1573 1714 1645 1755 per
1678 1714 1789 1743 suum
1825 1703 1998 1754 aliquem
2034 1715 2204 1744 errorem
2236 1702 2372 1743 incidit
2406 1703 2446 1742 in

123 1774 240 1824 mala,
267 1784 404 1812 verum
433 1784 483 1811 ex
510 1772 674 1811 aliorum
700 1772 896 1811 hominum
923 1772 1134 1810 voluntate.
1188 1773 1235 1810 In
1261 1772 1476 1823 posteriore
1509 1783 1604 1810 vero
1640 1775 1753 1821 parte
1791 1771 1824 1810 si
1850 1772 2099 1822 Polymestor
2133 1772 2280 1822 primas
2313 1776 2446 1822 partes

123 1847 271 1892 ageret,
298 1841 485 1888 μετάβασις,
514 1853 631 1890 quum
649 1840 961 1892 improbissimus
988 1840 1054 1879 ille
1075 1840 1190 1880 homo
1219 1854 1269 1880 ex
1291 1839 1475 1880 secundis
1493 1839 1612 1878 rebus
1632 1838 1861 1889 conjiciatur
1878 1839 1918 1878 in
1944 1838 2149 1890 adversas,
2176 1839 2291 1879 tertio
2327 1838 2445 1879 modo

120 1908 418 1950 adnumeranda
443 1912 562 1950 esset.
616 1908 698 1949 Sed
723 1920 841 1960 quum
868 1908 959 1949 Eur.
988 1912 1111 1949 totam
1137 1907 1313 1949 fabulam
1330 1906 1371 1947 in
1390 1905 1579 1946 Hecubae
1598 1905 1711 1947 malis
1729 1906 1878 1947 versari
1904 1906 2011 1959 velit,
2040 1907 2141 1948 hanc
2159 1907 2275 1948 etiam
2292 1907 2443 1960 primas

124 1982 257 2029 partes
276 1989 394 2028 agere
410 1981 576 2028 oportet.
623 1977 798 2026 Hecuba,
828 1979 939 2028 cujus
957 1977 1062 2017 mala
1088 1976 1140 2016 ad
1168 1988 1320 2016 summa
1338 1978 1555 2023 creverunt,
1584 1986 1700 2024 quum
1719 1974 1916 2026 Polydoro
1942 1975 2032 2026 filio,
2058 1976 2099 2015 in
2117 1988 2193 2025 quo
2220 1988 2297 2015 uno
2317 1975 2443 2015 omnis

124 2059 216 2097 spes
244 2045 407 2097 Trojani
442 2045 552 2095 regni
579 2043 821 2085 instaurandi
847 2045 979 2096 posita
1006 2049 1101 2095 erat,
1131 2056 1203 2096 per
1229 2042 1425 2094 hospitem
1443 2054 1555 2082 suum
1582 2042 1721 2083 orbata
1748 2042 1811 2093 sit,
1837 2042 2100 2084 tristissimam
2119 2055 2230 2085 suam
2249 2043 2444 2084 fortunam

121 2114 195 2155 nisi
213 2112 496 2155 crudelissimis
526 2111 729 2165 suppliciis
748 2111 797 2153 de
826 2112 1023 2153 homicida
1040 2110 1241 2153 sumendis
1260 2109 1504 2151 tolerabilem
1530 2109 1614 2150 fieri
1642 2121 1720 2149 non
1753 2121 1872 2163 posse
1907 2110 2106 2163 arbitrata,
2133 2111 2264 2152 furore
2296 2111 2444 2151 inflam-

122 2186 229 2220 mata
254 2181 504 2232 persequitur
521 2181 722 2230 ultionem,
752 2192 853 2230 quae
881 2182 984 2219 bene
1011 2179 1232 2230 procedens
1260 2179 1422 2227 reginae
1450 2178 1622 2217 animum
1653 2178 1939 2228 quodammodo
1964 2180 2127 2229 mitigat.
2174 2180 2302 2230 HuJus
2328 2180 2445 2230 igitur

124 2250 247 2302 partis
273 2249 451 2298 μετάβασις
477 2247 608 2300 posita
627 2252 689 2288 est
714 2248 755 2288 in
783 2247 1085 2288 commutatione
1111 2258 1240 2286 rerum
1265 2244 1519 2285 adversarum
1547 2245 1580 2285 si
1605 2244 1730 2286 minus
1756 2245 1796 2286 in
1824 2245 2030 2297 secundas,
2056 2250 2188 2287 tamen
2205 2247 2246 2287 in
2273 2246 2442 2288 condici-

124 2332 237 2360 onem
264 2317 588 2367 tolerabiliorem3
623 2316 759 2366 itaque
788 2315 954 2356 forsitan
980 2313 1276 2355 adnumeranda
1303 2313 1353 2354 sit
1379 2313 1437 2353 illi
1462 2313 1591 2364 modo,
1620 2313 1685 2364 qui
1719 2313 1770 2353 ab
1796 2313 1914 2355 Arist.
1948 2314 2105 2355 omnino
2136 2315 2338 2367 neglectus
2372 2308 2445 2355 est.

312 2384 462 2434 Quodsi
499 2388 723 2435 spectamus
750 2383 803 2423 ad
830 2383 959 2426 πάθος,
997 2381 1135 2422 fabula
1161 2385 1294 2421 nostra
1320 2380 1530 2421 referenda
1556 2384 1618 2421 est
1643 2380 1683 2420 in
1709 2393 1911 2422 numerum
1939 2395 2073 2423 earum
2100 2395 2200 2433 quas
2228 2383 2321 2435 phil.
2350 2382 2446 2423 dicit

124 2454 321 2500 παθητικάς,
348 2465 465 2504 quum
492 2453 533 2492 in
561 2437 621 2492 ea*
636 2452 787 2509 atrocia
813 2457 852 2491 et
880 2450 1129 2491 vehementia
1155 2450 1258 2489 mala
1283 2453 1635 2501 repraesententur.
1686 2450 1994 2491 Immolationem
2022 2451 2183 2502 virginis
2208 2451 2444 2492 innocentis-

126 2525 248 2563 simae
275 2536 346 2573 per
373 2535 415 2560 se
443 2526 616 2561 atrocem
644 2533 735 2560 esse
761 2520 899 2570 negari
926 2519 1084 2569 quidem
1104 2519 1254 2568 nequit3
1282 2519 1322 2558 in
1342 2518 1438 2558 Hec.
1465 2531 1559 2558 vero
1577 2519 1804 2570 Polyxenae
1822 2520 2035 2560 immolatio
2054 2519 2270 2560 atrocitatis
2297 2520 2445 2570 aliquid

125 2591 277 2640 amittit,
306 2602 423 2640 quum
450 2603 530 2631 non
553 2589 620 2630 fiat
646 2602 719 2642 per
745 2587 907 2638 amicos,
935 2598 1068 2627 verum
1094 2599 1166 2639 per
1192 2586 1325 2628 hostes
1354 2586 1423 2640 (cf.
1438 2586 1548 2628 Poet.
1568 2586 1676 2627 XIV.
1694 2586 1762 2641 7.).
1807 2587 1900 2628 Plus
1927 2591 2059 2629 autem
2085 2587 2299 2628 atrocitatis
2324 2587 2445 2629 habet

125 2672 202 2699 nex
221 2658 421 2709 Polydori,
442 2658 506 2708 qui
524 2657 739 2697 trucidatur
756 2670 782 2696 a
800 2656 1083 2706 Polymestore,
1111 2656 1266 2695 homine
1285 2656 1501 2707 gentilitate
1530 2661 1569 2695 et
1587 2655 1756 2707 hospitio
1783 2668 1916 2696 secum
1936 2658 2156 2708 conjuncto.
2200 2656 2443 2708 Supplicium

123 2727 294 2777 denique
325 2725 375 2765 de
401 2726 672 2777 Polymestore
692 2728 888 2775 sumptum
906 2723 995 2775 plus
1014 2722 1216 2764 foeditatis
1245 2736 1361 2774 quam
1388 2723 1604 2764 atrocitatis
1629 2723 1804 2775 haberet,
1833 2723 1866 2765 si
1883 2723 1949 2764 ille
1978 2723 2124 2775 primas
2142 2728 2274 2775 partes
2297 2728 2443 2776 ageret.

122 2795 305 2848 Namque
323 2792 524 2845 improbus
542 2792 618 2833 iste
646 2792 763 2833 homo
782 2791 962 2844 quamvis
982 2804 1131 2832 summo
1158 2791 1330 2850 cruciatu
1349 2791 1542 2831 afficiatur
1568 2791 1687 2844 idque
1706 2804 1777 2843 per
1795 2791 2012 2842 Hecubam,
2039 2791 2243 2830 mulierem
2270 2791 2444 2831 amicitia

121 2875 255 2904 secum
284 2864 544 2912 conjunctam,
571 2866 715 2909 tamen,
736 2872 854 2910 quum
877 2860 1116 2909 justissimas
1137 2860 1262 2899 solvat
1279 2872 1427 2910 poenas
1446 2872 1516 2910 pro
1536 2860 1710 2899 facinore
1730 2860 1879 2899 nefarie
1908 2872 1933 2899 a
1950 2871 1994 2898 se
2012 2863 2248 2909 perpetrato,
2276 2860 2440 2899 misera-

309 3089 353 3131 ¹³³)
392 3089 434 3124 εἰ.
453 3089 493 3123 de
516 3089 575 3122 hac
598 3095 632 3122 re
649 3087 827 3121 Pirnhaberi
843 3087 883 3121 de
899 3086 1051 3128 Euripidis
1067 3087 1205 3129 Hecuba,
1221 3088 1402 3129 Troadibus,
1422 3087 1579 3129 iphigenia
1602 3086 1759 3121 Aulidensi
1782 3086 2014 3127 commentatio,
2037 3093 2117 3127 quae
2141 3085 2222 3119 inest
2244 3085 2273 3118 in
2290 3085 2442 3119 weicheri

391 3156 473 3180 mus.
497 3148 594 3180 Rhen.
619 3147 686 3180 ord.
710 3154 774 3179 rec.
798 3146 879 3178 Tom.
905 3148 922 3178 Ι.
