2634 3430
1304 82 1336 134 8

156 226 273 265 quam
300 224 404 263 quae
432 212 604 252 offensos
631 215 892 263 spectatorum
923 209 1076 250 animos
1106 209 1264 261 placare
1299 210 1465 262 possint.
1519 211 1642 251 Immo
1674 223 1768 252 vero
1796 210 1914 251 etiam
1950 224 2001 252 ea
2026 223 2128 263 quae
2156 211 2394 265 Talthybius
2421 212 2474 254 de

153 280 378 323 admirabili
406 285 444 322 et
470 280 675 333 praeclara
692 279 733 321 in
760 279 849 332 ipsa
875 284 1000 321 morte
1027 277 1255 320 fortitudine
1272 278 1503 332 Polyxenae
1529 283 1672 331 narrat,
1699 278 1870 322 maxime
1896 278 2042 323 idonea
2058 293 2147 323 esse
2168 280 2393 334 judicamus
2418 280 2472 323 ad

152 350 336 393 solatium
368 349 558 390 Hecubae
589 347 857 401 praebendum
895 353 1016 400 atque
1053 347 1106 388 ad
1144 350 1408 399 spectatorum
1444 348 1595 390 animos
1634 347 1882 399 mitigandos.
1942 349 2127 390 Ceterum
2161 349 2262 389 inter
2301 362 2472 391 summos

153 420 312 461 criticos
340 422 505 469 constat,
531 418 702 470 priorem
729 417 918 458 Hecubae
944 422 1095 470 partem
1122 416 1254 456 multis
1282 418 1510 468 acrmagnis
1549 417 1760 457 virtutibus
1785 418 2022 459 antecellere
2052 418 2270 470 posteriori,
2297 419 2340 458 id
2367 419 2474 470 quod

153 490 242 541 ipse
279 489 495 528 Raumerus
535 485 727 526 concedit.
787 484 900 533 Quae
941 499 1061 537 quum
1101 486 1158 526 ita
1196 484 1285 534 sint,
1321 483 1491 537 intelligi
1521 499 1600 527 non
1631 489 1772 538 potest,
1806 485 2003 536 quomodo
2035 485 2076 526 in
2107 485 2326 538 posteriore
2359 492 2471 539 parte

153 555 327 599 studium
352 552 558 607 spectandi
584 565 664 595 non
693 552 938 606 languescat.
992 553 1096 603 Quid
1123 551 1228 606 quod
1254 551 1342 605 ipse
1361 552 1569 606 Pflugkius
1597 565 1676 595 non
1693 552 1825 593 facere
1843 557 1984 607 potest,
2012 553 2107 606 quin
2123 552 2166 593 id
2184 553 2473 605 quodammodo

155 623 372 665 concedat?
411 621 534 662 Paulo
568 621 674 661 enim
706 621 813 662 infra
844 622 951 673 dicit,
985 635 1036 663 ne
1067 626 1156 674 post
1188 621 1395 673 Talthybii
1429 622 1692 662 narrationem
1720 623 1828 673 justo
1860 623 1978 663 citius
2004 623 2188 663 deficeret
2215 623 2472 674 exspectatio,

155 692 318 746 prologo
338 694 494 735 cautum
513 702 617 741 esse,
646 690 688 730 in
712 702 790 742 quo
808 691 1092 743 praemonitum
1111 690 1174 741 sit,
1201 694 1375 730 nostram
1402 690 1579 731 fabulam
1605 695 1761 742 praeter
1776 691 2006 743 Polyxenae
2030 689 2335 731 immolationem
2353 690 2472 731 etiam

154 760 264 801 aliud
291 758 387 811 quid
415 758 637 810 complecti.
689 758 940 811 Spectatores
957 758 1075 810 igitur
1100 758 1197 798 nihil
1224 759 1394 811 amplius
1422 763 1720 811 exspectaturos
1747 758 1871 800 fuisse
1891 758 2049 811 Judicat
2064 771 2103 798 v.
2122 758 2174 810 d.,
2192 757 2268 799 nisi
2284 758 2473 811 prologus

153 829 317 874 alteram
334 824 489 879 part'em
506 826 845 878 praenunciasset.
894 827 1034 877 Neque
1052 826 1093 867 in
1111 839 1158 867 eo
1178 827 1501 868 consentiendum
1517 831 1699 879 putamus
1724 840 1812 869 cum
1830 826 2027 880 Pflugkio,
2046 826 2152 879 quod
2171 826 2276 879 dicit,
2296 826 2473 868 detracta

153 896 343 938 alterutra
368 899 482 948 parte
509 894 687 936 fabulam
712 893 983 947 imperfectam
1010 892 1107 934 fore.
1152 893 1335 945 Namque
1353 895 1536 936 absoluta
1551 894 1680 947 priore
1697 898 1808 948 parte
1833 894 1933 935 nihil
1958 894 2217 946 desideratur,
2243 894 2322 935 nisi
2339 906 2473 935 neces-

153 965 260 1006 saria
285 963 517 1015 tragoediae
544 962 762 1016 longitudo,
791 974 909 1013 quam
936 974 986 1002 ex
1012 966 1155 1015 poetae
1181 962 1353 1014 ingenio,
1380 975 1460 1003 non
1478 976 1529 1004 ex
1546 967 1775 1015 argumento
1792 962 1966 1015 pendere
1984 963 2169 1004 diximus.
2210 964 2475 1003 Transeamus

147 1037 234 1086 Jam
260 1033 313 1073 ad
340 1033 598 1082 Hartungum,
626 1032 1006 1071 vehementissimum
1025 1030 1225 1082 Euripidis
1244 1037 1588 1082 propugnatorem.
1642 1032 1719 1080 Qui
1745 1031 2046 1083 Euripidearum
2073 1031 2293 1072 fabularum
2320 1044 2473 1082 compo-

153 1101 340 1143 sitionem
372 1098 719 1151 reprehensionem
753 1098 905 1150 cepisse
937 1098 1031 1138 dicit
1067 1111 1200 1139 eorum
1231 1102 1400 1149 tantum,
1435 1099 1532 1150 „qui
1570 1100 1674 1140 male
1712 1099 1807 1151 fieri,
1839 1098 2031 1150 quidquid
2063 1099 2180 1140 aliter
2210 1099 2321 1140 fieret
2354 1103 2473 1150 atque

155 1170 301 1210 Aesch.
334 1172 402 1209 aut
434 1167 556 1219 Soph.
590 1166 786 1217 fecissent,
822 1166 897 1207 sibi
929 1166 1237 1218 persuaserint.“
1289 1167 1342 1207 At
1374 1167 1533 1219 plurimi
1565 1173 1684 1220 atque
1715 1167 1927 1209 doctissimi
1962 1167 2163 1220 Euripidis
2190 1167 2474 1220 vituperatores

153 1238 278 1290 probe
311 1235 548 1286 intelligunt,
586 1240 744 1287 poetam
782 1238 956 1274 nostrum
988 1246 1117 1285 neque
1150 1239 1300 1275 temere
1332 1247 1462 1286 neque
1501 1248 1552 1275 ex
1583 1236 1732 1287 ingenii
1768 1240 1943 1287 egestate
1974 1236 2239 1287 degenerasse
2275 1247 2301 1275 a
2336 1239 2475 1275 natura

154 1305 406 1358 Aeschyleae
432 1304 497 1342 vel
524 1302 769 1354 Sophocleae
787 1302 1023 1354 tragoediae,
1051 1314 1188 1341 verum
1207 1302 1349 1342 aetatis
1369 1315 1466 1343 suae
1483 1304 1657 1343 moribus
1676 1308 1794 1354 atque
1812 1304 2002 1344 voluntati
2028 1303 2312 1354 indulgentem3
2339 1315 2474 1352 quam-

153 1374 291 1415 obrem
308 1373 350 1413 in
367 1371 502 1412 multis
530 1371 621 1412 aliis
649 1372 766 1412 rebus
786 1383 874 1411 eum
892 1370 1038 1412 debitis
1067 1377 1206 1411 ornant
1232 1370 1431 1412 laudibus.
1476 1373 1617 1424 Neque
1635 1372 1829 1413 immerito
1847 1386 1872 1414 a
1888 1372 2115 1414 doctissimo
2134 1371 2305 1423 quodam
2323 1371 2408 1412 viro
2424 1370 2473 1424 ¹¹)

152 1443 221 1482 ille
248 1446 413 1481 vocatur
430 1441 654 1478 Alcibiades
671 1443 860 1487 tragicus,
888 1440 1151 1489 amplissimus
1179 1440 1352 1490 quidem,
1381 1440 1452 1480 sed
1471 1440 1646 1491 degener
1663 1441 1860 1482 Camenae
1873 1441 2044 1492 tragicae
2062 1441 2255 1480 alumnus.
2300 1441 2351 1480 At
2370 1452 2473 1490 quae

154 1512 385 1560 Hal-tungus
419 1508 521 1548 dixit
552 1520 734 1548 veremur
766 1519 815 1548 ne
851 1506 1030 1548 recidant
1061 1507 1101 1548 in
1132 1507 1275 1559 ipsum.
1330 1507 1406 1556 Qui
1442 1507 1669 1560 Euripidem
1703 1509 1754 1549 ab
1789 1508 1967 1550 omnibus
1997 1507 2068 1549 etsi
2090 1507 2316 1560 justissimis
2342 1519 2473 1560 repre·

153 1576 413 1620 hensionibus
441 1575 632 1629 expedire
658 1575 896 1626 summisque
923 1574 1103 1616 laudibus
1141 1575 1281 1616 efferre
1308 1579 1473 1616 conatus
1505 1588 1699 1629 persaepe
1725 1576 2022 1630 injustissimum
2050 1581 2089 1616 et
2113 1576 2401 1627 iniquissimum
2429 1587 2474 1616 se

152 1650 330 1699 praestat
357 1645 552 1684 adversus
571 1644 727 1694 Aesch.,
746 1644 880 1695 Soph.,
908 1644 1108 1695 Aristoph.
1152 1644 1208 1683 Ut
1234 1656 1255 1683 e
1284 1644 1460 1695 plurimis
1485 1657 1606 1683 unum
1633 1646 1798 1685 afferam
1814 1646 2048 1696 exemplum,
2075 1646 2283 1696 Sophoclis
2302 1645 2474 1684 carmina

153 1715 340 1765 exiguam
357 1712 410 1753 ad
428 1725 559 1752 mores
579 1710 891 1761 conformandos,
916 1711 968 1751 ad
987 1711 1166 1752 acuenda
1185 1712 1357 1762 ingenia,
1376 1711 1428 1751 ad
1447 1712 1589 1752 artium
1616 1712 1750 1753 studia
1776 1712 1987 1753 excitanda
2013 1713 2090 1752 vim
2118 1713 2264 1753 habere
2291 1712 2472 1752 affirmat.

155 1781 263 1832 Quid
281 1780 389 1833 quod
415 1779 720 1832 Aristophanem
746 1779 940 1820 hominem
968 1779 1150 1821 omnibus
1176 1779 1237 1820 sui
1266 1780 1415 1821 saeculi
1449 1779 1559 1821 vitiis
1591 1779 1947 1831 inquinatissimam
1979 1780 2073 1821 dicit
2107 1778 2173 1834 (E.
2187 1792 2218 1820 r.
2233 1780 2264 1820 I.
2282 1792 2322 1833 p.
2336 1779 2473 1833 381.)‘?

153 1850 456 1892 Recentioribus
483 1861 578 1889 vero
606 1848 752 1888 criticis
779 1848 842 1898 iis,
871 1848 938 1898 qui
966 1848 1103 1888 vitium
1130 1849 1290 1900 aliquod
1318 1848 1620 1901 Euripidearum
1647 1848 1870 1889 fabularum
1898 1849 2079 1900 quamvis
2105 1848 2346 1889 levissimum
2373 1848 2473 1888 vitu-

152 1923 353 1972 perarunt,
380 1918 546 1970 injurias
574 1916 694 1957 infert
720 1917 840 1957 multo
865 1919 1047 1969 majores,
1075 1917 1341 1958 illustrissima
1366 1922 1486 1969 atque
1505 1917 1813 1958 celebratissima
1830 1917 1989 1959 nomina
2007 1917 2196 1959 conviciis
2220 1922 2338 1968 atque
2354 1916 2474 1958 male-

153 1987 271 2028 dictis
309 1987 480 2028 obruens
513 1985 596 2040 (Cf.
612 1986 643 2025 I.
658 1998 698 2038 p.
717 1985 807 2025 520.
826 1985 952 2038 530.).
998 1984 1181 2026 Forsitan
1206 1986 1304 2027 satis
1328 1987 1380 2027 sit
1403 1986 1477 2027 hos
1500 1986 1621 2037 locos,
1651 1986 1719 2037 qui
1748 1986 1864 2027 nobis
1891 1990 2097 2027 occurrunt
2114 1986 2302 2036 sexcenti,
2329 1986 2473 2037 legere,

153 2063 196 2097 ut
228 2069 527 2107 cognoscamus,
561 2054 692 2105 qualis
724 2053 775 2094 sit
809 2053 999 2105 Hartungi
1027 2068 1203 2095 censura.
1262 2056 1344 2096 Sed
1381 2056 1591 2096 lustremus
1625 2068 1686 2105 ea,
1724 2068 1826 2105 quae
1858 2054 1909 2095 de
1942 2055 2110 2096 actionis
2140 2055 2287 2095 unitate
2313 2058 2474 2095 nostrae

152 2124 315 2167 fabulae
350 2123 416 2165 ille
448 2123 611 2177 profert.
665 2122 840 2163 Primum
873 2121 969 2162 dicit
1005 2123 1056 2176 (Ι.
1070 2135 1109 2175 p.
1125 2123 1248 2178 5083,
1280 2123 1492 2165 scitissime
1529 2124 1580 2164 ab
1608 2124 1701 2163 Eur.
1729 2123 1975 2164 consociatas
2002 2127 2041 2163 et
2066 2123 2119 2163 ad
2144 2123 2260 2163 unius
2287 2122 2474 2163 dramatis

151 2196 248 2234 fines
279 2193 589 2245 angustissimos
622 2197 831 2231 revocatas
866 2203 955 2230 esse
989 2204 1052 2231 res
1094 2192 1192 2232 locis
1227 2193 1551 2243 temporibusque
1579 2197 1798 2244 separatas.
1851 2192 1903 2230 At
1929 2192 2179 2232 scitissimam
2204 2193 2313 2232 illam
2340 2205 2474 2231 conso-

154 2263 364 2302 ciationem
396 2260 638 2311 argumentis
675 2259 904 2299 confirmare
937 2263 1141 2310 tantopere
1173 2261 1352 2312 negligit,
1386 2265 1429 2300 ut
1459 2261 1563 2301 alius
1597 2260 1686 2310 quis
1718 2272 1790 2300 suo
1816 2247 1906 2311 jure
1938 2258 2071 2301 dicere
2102 2260 2240 2313 possit,
2267 2263 2474 2301 revocatas

155 2331 315 2381 quidem
328 2343 418 2370 esse
432 2342 497 2369 res
511 2328 552 2368 in
565 2328 682 2369 unius
702 2326 891 2368 dramatis
918 2326 1028 2377 fines,
1056 2341 1134 2368 non
1160 2333 1293 2370 tamen
1321 2329 1569 2370 consociatas
1594 2327 1816 2380 scitissime,
1844 2328 1915 2370 sed
1933 2328 2125 2370 exteriore
2140 2333 2290 2370 tantum
2316 2326 2474 2369 vinculo

153 2397 292 2437 leviter
326 2398 568 2448 conjunctas.
624 2396 714 2436 Alio
749 2396 836 2436 loco
870 2395 921 2448 (Ι.
944 2407 983 2447 p.
1009 2396 1120 2448 531.)
1147 2397 1311 2437 alteram
1338 2397 1528 2436 Hecubae
1561 2400 1712 2448 partem
1739 2396 1884 2437 omissa
1908 2397 2037 2449 priore
2065 2397 2266 2438 commode
2294 2396 2474 2436 exhiberi

154 2465 328 2517 potuisse
354 2468 484 2515 negat.
528 2463 657 2514 „Nam
684 2463 784 2515 quis,
814 2463 954 2514 inquit,
974 2463 1177 2504 Hecubam
1203 2464 1323 2505 ferret
1342 2465 1447 2506 hosti
1474 2465 1610 2506 oculos
1629 2468 1841 2516 eruentem,
1868 2465 1946 2506 nisi
1963 2469 2081 2506 antea
2097 2464 2214 2506 malis
2232 2463 2474 2514 afflictatam‚

154 2533 357 2574 doloribus
383 2533 671 2584 exacerbatam,
698 2532 872 2573 hostium
900 2532 1193 2584 amicorumque
1217 2533 1373 2585 injuriis
1401 2533 1627 2574 lacessitam
1653 2545 1731 2573 non
1757 2533 1878 2575 fando
1895 2533 2083 2585 audisset,
2111 2533 2184 2574 sed
2202 2545 2333 2574 coram
2352 2532 2474 2573 oculis

155 2601 432 2654 spectasset?“
478 2602 531 2640 At
564 2614 679 2641 nemo
712 2606 917 2651 utramque
944 2602 1133 2641 Hecubae
1164 2608 1318 2653 partem
1350 2615 1422 2654 per
1455 2615 1499 2642 se
1526 2604 1611 2653 jam
1648 2603 1863 2653 perfectam
1902 2603 2146 2654 tragoediam
2178 2615 2267 2643 esse
2306 2601 2474 2651 censuit3

152 2682 289 2710 verum
316 2668 419 2709 effici
447 2674 578 2721 potest
606 2682 656 2710 ex
681 2674 846 2721 utraque
872 2674 985 2722 parte
1012 2668 1192 2721 perfecta
1216 2670 1434 2722 tragoedia.
1489 2671 1618 2722 Atque
1645 2670 1729 2712 fieri
1756 2675 1896 2723 potest,
1922 2675 1966 2711 ut
1991 2670 2033 2711 in
2058 2669 2276 2723 tragoedia,
2304 2682 2406 2721 quae
2433 2669 2474 2709 in

152 2727 348 2789 supplicio
366 2736 416 2776 de
435 2738 706 2789 Polymestore
724 2741 877 2789 sumpto
895 2742 1087 2788 versatur,
1107 2739 1293 2791 Polydori
1313 2751 1470 2788 quoque
1489 2751 1567 2778 nex
1593 2743 1795 2790 tractetur3
1821 2740 1981 2779 minime
1998 2744 2129 2785 autem
2146 2739 2188 2778 id
2206 2738 2291 2778 fieri
2309 2750 2474 2778 necesse

150 2812 223 2847 est.
278 2805 461 2856 Namque
494 2810 534 2846 et
567 2805 711 2846 Aesch.
740 2818 790 2846 ex
824 2805 974 2846 scelere
1011 2810 1050 2847 et
1077 2819 1127 2847 ex
1154 2807 1348 2859 supplicio
1376 2806 1476 2848 duas
1505 2807 1675 2848 confecit
1701 2807 1926 2859 tragoedias
1954 2819 2102 2858 easque
2127 2807 2408 2859 pulcherrimas
2435 2811 2475 2848 et

150 2875 273 2928 Soph.
308 2874 349 2914 in
384 2874 543 2914 Electra
575 2874 720 2915 omisso
754 2874 930 2915 facinore
962 2887 1113 2926 poenas
1147 2880 1298 2916 tantum
1331 2876 1384 2916 ab
1417 2875 1608 2926 Aegistho
1641 2880 1679 2916 et
1710 2876 2026 2929 Clytaemnestra
2058 2876 2246 2928 repetitas
2280 2876 2473 2916 tractavit.

151 2945 254 2984 Tum
283 2944 551 2983 Hermannum
578 2943 758 2982 refellere
787 2947 947 2982 conatus
975 2944 1040 2982 ille
1068 2945 1284 2984 sententias
1310 2945 1427 2996 huJus
1455 2944 1528 2982 viri
1555 2945 1671 2985 nimis
1697 2952 1834 2996 argute
1861 2946 1914 2985 ad
1933 2957 2045 2985 suum
2063 2957 2175 2984 usum
2193 2944 2473 2985 accommodat.

152 3012 367 3054 Hermanni
402 3011 507 3052 enim
540 3011 664 3052 verba
696 3010 795 3051 haec
828 3016 933 3051 sunt:
970 3010 1036 3062 „Si
1066 3012 1268 3053 Hecubam
1298 3025 1345 3053 eo
1374 3011 1554 3052 miseram
1583 3013 1787 3055 ostendere
1816 3014 1939 3055 voluit
1965 3018 2084 3067 poeta
2111 3012 2215 3065 quod
2242 3013 2410 3066 plurima
2436 3013 2474 3054 ei

344 3162 386 3200 ¹¹)
415 3161 454 3193 cf.
479 3161 591 3199 Grupp.
616 3161 634 3191 Ι.
659 3167 687 3190 c.
711 3168 740 3197 p.
767 3159 841 3190 753.
