2634 3430
1296 118 1329 165 4

144 243 276 293 dictio,
305 243 433 281 διάνοια
460 242 693 292 sententiae,
722 241 795 290 ὄψις
823 241 1004 282 scenicus
1031 247 1262 294 apparatus,
1288 246 1461 290 μελοποιΐα
1486 242 1715 283 modulatio.
1766 242 1999 283 Primarium
2028 248 2161 284 autem
2184 244 2313 285 locum
2339 244 2476 285 tribuit

145 311 319 361 fabulae,
349 325 467 361 quam
500 312 538 350 h.
563 312 586 350 l.
619 310 787 360 intelligi
816 310 900 349 vult
934 310 1127 351 factorum
1156 310 1491 362 compositionem.
1536 312 1650 351 Hanc
1670 311 1894 362 ‚iustissime
1913 311 2009 351 dicit
2035 312 2266 363 tragoediae
2293 314 2410 355 finem
2437 319 2476 354 et

144 379 444 421 fundamentum
462 379 614 432 (ἀρχήν).
662 377 890 429 Tragoedia
908 378 1014 419 enim
1033 383 1097 419 est·
1109 378 1276 418 actionis
1295 378 1463 419 imitatio
1483 379 1754 431 spectantibus
1767 393 1930 420 movens
1942 383 2089 419 metum
2108 384 2147 419 et
2164 380 2476 433 miserationem3

145 448 186 487 hi
215 435 349 488 autem
376 448 540 488 affectus
567 446 743 487 nituntur
769 447 899 498 malis,
929 459 1032 498 quae
1060 447 1157 487 solis
1187 446 1361 486 moribus
1390 447 1526 498 perfici
1542 460 1619 487 non
1645 453 1820 499 possunt,
1850 448 1923 489 sed
1941 448 2114 500 pendent
2143 461 2194 488 ex
2212 448 2343 488 factis.
2388 448 2477 496 Qua

146 516 187 555 in
214 528 257 556 re
284 514 541 568 philosophus
572 514 735 555 minime
769 514 949 567 negligit,
984 514 1092 555 facta
1117 515 1349 567 plerumque
1378 514 1575 556 artissime
1604 515 1816 557 cohaerere
1844 529 1932 557 cum
1958 516 2144 568 moribus,
2180 528 2279 567 quos
2308 516 2360 557 ob
2388 529 2476 557 eam

146 597 230 624 rem
262 584 438 636 proximo
471 583 511 621 in
548 583 635 622 loco
669 583 793 634 ponit.
849 583 1027 622 Tertium
1061 583 1189 622 locum
1222 582 1400 622 obtinent
1438 583 1672 634 sententiae,
1702 595 1803 634 quae
1838 589 1878 624 et
1905 584 2018 637 ipsae
2053 585 2283 637 plerumque
2310 584 2477 625 actionis

149 666 291 693 causae
321 657 421 691 sunt.
477 651 651 698 Quantus
679 651 790 691 locus
817 651 998 690 tribuitur
1025 650 1189 691 dictioni
1216 663 1247 690 s.
1278 650 1490 690 elocutioni
1517 664 1589 702 per
1615 652 1820 702 vocabula,
1850 664 1929 701 qua
1955 653 2088 703 poesis
2116 654 2167 692 ab
2202 653 2292 693 aliis
2325 653 2476 693 artibus

148 719 292 759 differt.
348 718 563 770 Perspicue
599 718 697 770 phil.
731 718 853 769 addit,
888 718 1100 758 dictionem
1134 717 1302 758 eandem
1337 717 1417 758 vim
1450 718 1598 759 habere
1633 722 1671 759 et
1705 718 1745 759 in
1773 718 1900 760 soluta
1927 719 2104 762 oratione
2129 725 2167 761 et
2194 719 2235 760 in
2261 719 2405 772 vincta,
2434 725 2476 761 ut

147 788 224 826 alio
244 800 401 836 quoque
428 788 515 826 loco
541 788 672 838 (Poet.
704 788 735 825 Ι.
763 788 797 825 7.
826 786 930 837 sqq.)
958 799 1036 824 non
1061 787 1102 825 in
1121 791 1245 825 metro
1275 786 1346 825 sed
1374 787 1415 825 in
1440 788 1658 826 imitatione
1686 787 1854 838 positam
1882 799 1973 826 esse
2001 788 2098 827 dicit
2125 793 2303 828 naturam
2329 789 2476 841 poesis.

147 855 334 904 Quintum
361 855 491 895 locum
519 855 672 896 obtinet
699 854 926 905 modulatio,
956 853 1063 904 quod
1092 867 1284 895 summum
1304 854 1533 907 tragoediae
1554 854 1843 896 condimentum
1862 859 1934 895 est.
1980 855 2129 897 Ultimo
2147 855 2305 897 demum
2323 856 2364 897 in
2392 856 2477 897 loco

145 922 302 976 ponitur
336 923 518 964 scenicus
558 926 786 976 apparatus,
819 933 1058 973 quamquam
1092 921 1157 963 hic
1192 935 1238 963 eo
1282 921 1387 974 quod
1420 922 1679 965 imitationem
1713 921 1903 975 tragicam
1930 922 2086 975 agendo
2114 923 2198 965 fieri
2225 923 2477 975 demonstrat,

144 991 391 1041 tragoediam
422 992 475 1030 ab
503 991 686 1031 omnibus
714 990 804 1029 aliis
832 990 966 1041 poesis
995 991 1213 1041 generibus
1234 990 1423 1031 discernit
1450 991 1501 1030 ob
1530 1002 1696 1041 eamque
1724 1002 1806 1030 rem
1827 991 2054 1032 necessaria
2079 1004 2173 1045 pars
2193 1003 2283 1032 esse
2309 991 2477 1032 videtur.

145 1059 235 1107 Qua
268 1059 309 1099 in
343 1072 386 1099 re
420 1060 518 1111 phil.
546 1059 766 1110 justissime
799 1059 920 1098 aliam
954 1071 1045 1098 esse
1080 1060 1164 1098 vult
1197 1065 1322 1099 artem
1354 1064 1509 1110 poetae,
1538 1059 1657 1098 aliam
1690 1058 1846 1098 actoris.
1901 1059 2092 1099 Scenicus
2121 1061 2224 1099 enim
2251 1066 2477 1112 apparatus,

146 1139 385 1179 quamquam
410 1127 575 1169 multum
601 1126 708 1168 valet
736 1125 788 1168 ad
808 1126 962 1168 animos
991 1125 1237 1179 alliciendos,
1264 1131 1396 1168 tamen
1423 1140 1501 1168 non
1529 1140 1578 1168 ex
1605 1125 1737 1179 poesis
1763 1131 1904 1168 natura
1931 1126 2027 1179 fluit,
2058 1141 2195 1169 verum
2213 1127 2479 1170 adventicium

144 1196 335 1245 quiddam
364 1201 436 1236 est.
492 1196 614 1235 Nasci
649 1195 809 1245 quidem
835 1200 1001 1248 possunt
1030 1206 1051 1234 e
1080 1195 1323 1248 spectatione
1360 1207 1517 1247 quoque
1545 1199 1672 1235 metus
1707 1199 1744 1235 et
1771 1194 2037 1237 miserationis
2064 1196 2247 1250 affectus,
2274 1200 2316 1237 at
2342 1195 2479 1250 optimi

144 1271 288 1315 poetae
316 1266 406 1315 ipsa
425 1265 616 1302 factorum
637 1265 921 1313 compositione
951 1277 1019 1302 eos
1049 1266 1235 1302 excitant.
1282 1266 1420 1312 Itaque
1450 1264 1678 1313 tragoediae
1698 1264 1776 1301 vim
1795 1264 1915 1302 etiam
1943 1264 2029 1303 sine
2058 1265 2257 1303 actoribus
2285 1265 2479 1315 integram

145 1335 324 1372 constare
365 1336 485 1383 atque
526 1335 674 1372 metum
715 1334 755 1371 et
795 1330 1090 1372 miserationem
1124 1345 1202 1372 non
1240 1331 1367 1372 minus
1397 1331 1622 1382 legentibus
1660 1330 1810 1371 moveri
1849 1336 2014 1382 oportet,
2048 1345 2167 1382 quam
2194 1332 2480 1384 spectantibus.

143 1399 215 1454 (cf.
244 1400 354 1442 Poet.
383 1400 451 1441 VI.
480 1400 543 1442 28.
571 1399 681 1440 XIV.
707 1400 744 1440 2.
771 1398 949 1439 XXVII.
968 1399 1027 1452 8.)

333 1468 581 1508 Accedamus
610 1468 663 1507 ad
692 1467 969 1518 gravissimam
997 1468 1227 1519 tragoediae
1255 1474 1418 1519 partem,
1447 1467 1499 1507 ad
1523 1467 1700 1507 fabulam
1729 1481 1760 1508 s.
1788 1468 1982 1508 factorum
2010 1467 2348 1519 compositioncm;
2378 1480 2479 1518 quae

144 1548 265 1584 quum
295 1535 469 1586 pendeat
499 1548 549 1574 ex
577 1534 746 1582 actione,
777 1546 895 1582 quam
924 1534 1130 1584 tragoedia
1158 1535 1340 1584 imitatur,
1370 1534 1604 1585 simpliciter
1630 1540 1730 1573 actio
1757 1535 1951 1574 nominari
1979 1538 2121 1586 potest.
2167 1535 2229 1573 De
2258 1546 2337 1584 qua
2360 1534 2479 1573 Arist.

145 1602 314 1655 primum
344 1602 482 1644 statuit
510 1602 642 1656 (Poet.
671 1601 761 1642 VII.
780 1601 851 1655 2.),
880 1607 923 1642 ut
950 1601 1001 1642 sit
1028 1602 1206 1653 perfecta
1233 1608 1272 1643 et
1301 1603 1456 1653 integra
1484 1602 1510 1641 i.
1539 1616 1574 1643 e.
1594 1607 1637 1642 ut
1663 1603 1810 1644 habeat
1836 1604 1990 1644 initium
2018 1609 2057 1643 et
2083 1603 2257 1642 medium
2286 1608 2324 1643 et
2350 1603 2479 1643 finem.

146 1671 297 1722 Itaque,
325 1670 368 1711 id
397 1670 502 1722 quod
529 1670 618 1723 ipse
647 1671 747 1711 haec
774 1670 898 1711 verba
925 1670 1116 1711 definiens
1143 1669 1266 1722 addit,
1295 1682 1425 1722 neque
1455 1669 1661 1712 undelibet
1688 1669 1843 1712 initium
1877 1683 2007 1723 neque
2034 1669 2165 1712 ubivis
2191 1669 2310 1711 finem
2337 1682 2479 1723 capere

146 1741 324 1779 fabulam
352 1745 518 1791 oportet,
547 1752 684 1778 verum
713 1739 833 1778 ordiri
861 1752 885 1778 a
913 1744 1020 1778 certa
1046 1740 1215 1788 quadam
1244 1752 1298 1789 re,
1328 1752 1430 1789 quae
1458 1753 1537 1779 non
1564 1740 1790 1779 necessario
1819 1752 1870 1779 ex
1888 1740 1977 1779 aliis
2005 1738 2336 1778 antecedentibus
2362 1739 2480 1778 rebus

146 1813 233 1848 orta
258 1808 348 1860 ipsa
373 1807 503 1859 pariat
528 1807 610 1847 alia
636 1806 755 1858 facta,
784 1812 822 1848 et
856 1806 999 1848 deduci
1028 1820 1152 1858 usque
1181 1806 1233 1848 ad
1261 1820 1349 1848 eam
1377 1821 1472 1858 rem,
1502 1821 1552 1849 ex
1582 1821 1660 1858 qua
1688 1821 1766 1849 non
1794 1808 2018 1849 necessario
2046 1807 2127 1848 alia
2154 1806 2261 1847 facta
2290 1806 2478 1847 oriantur.

147 1876 370 1927 Antigonae
394 1875 642 1927 Sophocleae
679 1887 713 1915 e.
748 1888 785 1926 g.
821 1875 973 1916 initium
1009 1875 1061 1926 fit,
1082 1888 1131 1916 ex
1160 1888 1238 1926 quo
1264 1875 1462 1927 Antigone
1491 1876 1695 1917 consilium
1724 1875 1840 1928 capit,
1870 1875 2051 1916 Creontis
2079 1874 2250 1915 edietum
2277 1874 2480 1926 negligere

147 1951 186 1983 et
210 1946 321 1995 justa
349 1944 503 1983 solvere
532 1944 705 1983 fraterno
734 1944 873 1984 funeri.
920 1943 1033 1992 Quod
1054 1944 1257 1984 consilium
1286 1958 1365 1984 non
1383 1945 1611 1985 necessario
1639 1957 1690 1984 ex
1716 1944 1783 1983 illo
1808 1943 1938 1984 edicto
1966 1943 2068 1995 fluit3
2097 1956 2189 1983 nam
2208 1944 2480 1995 obtemperare

148 2012 275 2063 potuit
303 2012 503 2062 Antigone
522 2013 704 2050 avunculi
725 2013 904 2065 imperio,
934 2013 1005 2052 sed
1025 2013 1172 2052 oriatur
1200 2025 1249 2052 ex
1279 2025 1326 2053 eo
1354 2025 1519 2053 necesse
1548 2017 1610 2053 est
1627 2011 1826 2065 pernicies
1845 2012 1879 2052 si
1898 2024 1977 2051 non
1996 2011 2251 2063 complurium
2268 2010 2479 2061 hominum,

147 2087 187 2120 at
229 2085 337 2120 certe
375 2080 540 2130 virginis
573 2080 709 2130 ipsius.
760 2082 806 2120 In
840 2081 983 2132 Oedipi
1018 2082 1140 2131 Regis
1173 2082 1248 2121 fine
1276 2082 1518 2135 miserrimus
1551 2080 1619 2119 ille
1647 2093 1729 2128 reX,
1759 2084 1969 2130 postquam
2001 2079 2213 2118 luminibus
2242 2092 2285 2118 se
2313 2078 2480 2127 orbavit,

149 2160 171 2186 e
209 2159 333 2199 regno
369 2159 441 2187 suo
472 2146 734 2198 emigraturus
769 2154 847 2199 est,
887 2161 1002 2198 quam
1038 2147 1089 2199 ad
1124 2161 1206 2188 rem
1240 2148 1464 2190 necessario
1501 2146 1711 2188 adducitur
1751 2146 1988 2188 immanibus
2025 2146 2140 2188 malis
2187 2145 2374 2186 divinitus
2404 2144 2481 2186 sibi

148 2216 347 2254 immissis.
410 2216 471 2253 Ex
505 2227 581 2265 quo
611 2216 715 2255 facto
744 2228 820 2256 non
846 2228 1007 2257 necesse
1038 2222 1096 2257 est
1120 2216 1241 2256 fluant
1268 2216 1467 2257 dissensio
1500 2220 1539 2256 et
1568 2215 1714 2255 bellum
1742 2215 1843 2256 inter
1865 2214 1965 2255 filios
1994 2218 2120 2255 ortum
2145 2218 2183 2255 et
2209 2223 2480 2265 quaecumque

148 2285 228 2321 alia
255 2289 397 2332 postea
428 2284 539 2331 fiunt3
569 2284 640 2321 sed
668 2285 767 2322 haec
795 2285 926 2322 omnia
953 2286 1176 2322 efficiuntur
1207 2286 1375 2322 filiorum
1411 2285 1544 2321 indole
1580 2289 1699 2332 atque
1728 2288 1878 2320 natura.
1933 2283 2064 2320 Medio
2099 2287 2231 2320 autem
2264 2282 2482 2319 continetur

147 2362 381 2402 progressus
407 2363 549 2402 rerum,
580 2364 680 2401 quae
709 2351 760 2391 ab
793 2351 860 2391 illo
894 2351 1004 2392 initio
1035 2352 1221 2404 originem
1250 2351 1439 2392 ducentes
1466 2351 1575 2391 illum
1604 2350 1868 2391 necessarium
1894 2350 2012 2390 finem
2041 2349 2225 2390 efficiant.
2279 2349 2388 2397 Quas
2414 2360 2480 2388 res

147 2419 353 2470 aptissime
382 2419 495 2458 inter
512 2431 555 2458 se
584 2419 795 2459 cohaerere
824 2432 987 2460 necesse
1018 2425 1093 2471 est3
1121 2419 1162 2459 id
1192 2419 1297 2471 quod
1326 2420 1603 2472 philosophum
1631 2418 1740 2459 ducit
1768 2417 1820 2459 ad
1847 2417 2036 2458 unitatem
2070 2417 2229 2458 fabulae
2251 2430 2282 2458 s.
2303 2416 2479 2467 actionis,

146 2500 248 2536 quae
276 2488 488 2526 maximam
520 2487 620 2525 inter
646 2487 799 2525 criticos
828 2493 866 2525 et
892 2488 1122 2538 interpretes
1150 2489 1269 2527 movit
1289 2489 1586 2527 dissensionem.
1632 2487 1846 2538 Perspicue
1872 2487 1991 2526 Arist.
2011 2487 2140 2539 (Poet.
2160 2486 2269 2525 VIII.
2291 2485 2346 2537 1.)
2374 2484 2479 2535 dicit,

147 2555 337 2596 unitatem
379 2554 546 2596 actionis
585 2553 881 2605 intelligendam
924 2567 1000 2595 non
1042 2568 1128 2596 esse
1171 2556 1325 2607 agentis
1366 2555 1571 2606 unitatem3
1613 2555 1680 2596 uni
1720 2554 1825 2595 enim
1867 2554 2015 2595 homini
2056 2553 2179 2594 multa
2216 2565 2334 2605 posse
2378 2551 2479 2592 acci-

143 2622 252 2674 dere,
283 2636 387 2674 quae
415 2622 518 2663 inter
545 2636 586 2663 se
621 2622 778 2662 minime
807 2622 1055 2662 cohaereant.
1112 2624 1170 2663 Ex
1199 2625 1258 2675 iis,
1289 2637 1392 2675 quae
1426 2624 1545 2676 paulo
1572 2624 1677 2664 infra
1705 2623 1836 2677 (Poet.
1864 2622 1974 2663 VIII.
1999 2622 2058 2676 4.)
2092 2622 2270 2674 legimus,
2300 2625 2477 2673 apparet,

148 2692 306 2740 qualem
346 2692 442 2742 phil.
476 2691 714 2731 intellexerit
757 2691 921 2730 actionis
964 2691 1162 2730 unitatem.
1218 2692 1364 2732 Omnes
1407 2692 1510 2732 enim
1547 2692 1712 2732 actionis
1750 2695 1884 2743 partes
1922 2690 1978 2730 ita
2016 2691 2119 2731 inter
2160 2702 2202 2731 se
2246 2690 2477 2740 conjunctas

146 2771 235 2799 esse
279 2761 381 2809 vult,
425 2764 479 2809 ut,
522 2760 557 2799 si
597 2772 675 2809 qua
715 2759 917 2798 auferatur
956 2759 1020 2798 vel
1063 2764 1354 2811 transponatur,
1397 2765 1521 2799 totum
1561 2760 1826 2811 perturbetur3
1874 2758 2007 2798 omnia
2051 2758 2158 2798 facta
2196 2757 2299 2796 inter
2338 2768 2381 2795 se
2422 2754 2478 2795 ita

145 2828 379 2878 cohaerere,
418 2832 460 2868 ut
498 2827 785 2878 intelligamus,
829 2838 991 2867 necesse
1031 2832 1096 2866 aut
1140 2829 1222 2868 veri
1262 2828 1500 2869 simillimum
1540 2841 1641 2878 esse,
1671 2841 1720 2868 ex
1748 2840 1790 2868 re
1824 2826 2085 2868 antecedente
2117 2825 2160 2865 id
2190 2825 2330 2877 ipsum,
2371 2822 2476 2874 quod

146 2902 345 2947 sequatur,
379 2896 475 2946 fieri,
505 2908 582 2936 non
616 2895 725 2935 aliud
754 2895 861 2946 quid.
918 2896 1055 2945 Itaque
1089 2897 1275 2936 unitatem
1313 2897 1481 2937 actionis
1520 2896 1818 2947 intelligendam
1858 2909 1946 2937 esse
1985 2894 2247 2948 perspicimus
2284 2892 2476 2933 factorum

145 2965 442 3004 continuitatem
476 2965 542 3003 vel
571 2963 886 3016 perpetuitatem.
935 2964 1022 3010 Qua
1050 2976 1090 3001 re
1120 2965 1286 3003 efficitur
1313 2965 1414 3004 inter
1440 2969 1597 3016 poetam
1628 2968 1666 3003 et
1694 2976 1824 3004 rerum
1852 2963 2083 3015 scriptorem
2101 2960 2336 3011 differentia,
2363 2962 2476 3012 quus

144 3033 261 3083 paulo
288 3034 392 3073 infra
420 3033 552 3086 (Poet.
582 3033 652 3072 IX.
676 3032 731 3084 1.)
759 3032 905 3071 mentio
933 3032 985 3070 fit.
1042 3033 1182 3072 Rerum
1213 3035 1315 3073 enim
1345 3035 1510 3084 scriptor
1528 3038 1660 3072 narrat
1680 3045 1740 3082 ea,
1770 3045 1870 3082 quae
1900 3045 1941 3071 re
1970 3044 2066 3071 vera
2084 3031 2192 3070 facta
2218 3034 2326 3079 sunt3
2357 3033 2476 3079 poeta

144 3104 275 3140 autem
302 3105 434 3141 narrat
463 3113 524 3152 ea,
556 3112 659 3151 quae
687 3099 770 3140 fieri
789 3098 1000 3140 verisimile
1029 3099 1091 3139 vel
1111 3101 1373 3142 necessarium
1402 3106 1472 3152 est,
1501 3114 1579 3142 non
1607 3100 1803 3150 laborans,
1829 3104 1871 3139 ut
1899 3098 2058 3140 fabulas
2070 3096 2284 3149 antiquitus
2310 3094 2474 3138 traditas

143 3168 366 3207 immutatas
391 3171 559 3208 retineat
584 3182 684 3208 neve
715 3174 846 3206 narret
880 3169 951 3205 nisi
981 3180 1084 3216 quae
1113 3180 1154 3206 re
1183 3181 1274 3206 vera
1305 3170 1411 3207 farta
1439 3170 1527 3218 sint,
1552 3180 1685 3207 verum
1706 3167 1864 3206 fabulas
1892 3167 1944 3206 ad
1971 3179 2083 3207 suum
2101 3177 2214 3205 usum
2234 3168 2474 3204 commutans
