2634 3430
1268 42 1323 89 17

144 179 279 209 verum
306 164 446 220 „quasi
473 165 582 207 coelo
609 164 785 208 demissa
810 165 1002 219 videtur,“
1029 170 1072 208 ut
1097 169 1340 220 spectatores
1366 164 1417 205 de
1443 163 1603 206 fabulae
1629 169 1860 218 argumento
1879 164 2066 207 certiores
2083 164 2215 217 faciat,
2243 179 2320 217 quo
2347 165 2454 208 facto

143 235 353 288 agentibus
379 235 562 290 personis
591 234 721 275 locum
747 229 938 274 concedit.
983 234 1188 287 Ejusmodi
1213 233 1398 286 prologos
1412 232 1632 274 Ellendtius
1658 237 1882 273 amatim
1907 233 2096 274 nominat.
2139 233 2229 281 Qua
2254 233 2305 274 de
2332 247 2456 275 causa

143 301 349 354 Euripidei
381 302 534 354 prologi
564 303 726 342 multam
753 302 955 342 subierunt
979 302 1307 355 vituperationem
1337 312 1426 340 cum
1461 304 1639 340 veterum
1663 305 1746 340 tum
1770 302 2033 343 recentiorum
2060 300 2293 341 criticorum.
2345 302 2455 343 Inter

142 371 232 411 illos
262 372 433 410 maxime
458 371 585 410 elucet
609 370 822 420 Aristoph.,
848 372 916 418 qui
948 372 991 410 in
1014 372 1184 411 Acharn.
1216 370 1273 422 (v.
1286 370 1352 408 46.
1367 369 1475 420 sqq.)
1499 373 1766 416 γενεαλογοῡηας
1791 370 1992 421 Euripidis
2016 370 2203 421 prologos
2227 371 2455 420 perstringit

143 441 183 479 et
207 437 250 478 in
275 437 375 479 Ran.
402 434 459 491 (v.
477 437 590 478 1177.
603 435 711 490 sqq.)
738 436 978 490 Aeschylum
1000 437 1152 479 inducit
1176 436 1341 479 exordia
1362 435 1585 477 fabularum
1602 434 1899 488 Euripidearum
1924 442 2070 486 ληκυθίφ
2095 436 2284 488 adjuncto
2310 437 2454 478 discin-

143 505 312 558 dentem,
338 516 414 557 quo
435 507 540 559 joco,
567 508 610 546 ut
635 507 741 545 recte
761 502 915 557 judicat
933 504 1151 548 Ellendtius
1167 504 1217 561 ¹⁸)
1243 516 1331 546 cum
1358 501 1583 556 scholiasta,
1609 501 1666 549 τὴν
1690 502 1850 553 &ponatur
1874 504 2080 554 cavillatur
2096 503 2359 560 prologorum,
2385 504 2454 558 qui

145 575 343 624 „omnium
360 574 443 613 fere
461 574 684 613 fabularum
710 574 831 612 iidem
857 574 936 612 sint
960 586 1034 613 nec
1058 575 1139 614 ulla
1164 575 1287 614 ferme
1305 585 1350 612 re
1376 572 1455 611 nisi
1471 572 1691 611 nominibus
1716 573 1872 612 mutatis
1890 573 2014 614 cuivis
2032 573 2195 613 fabulae
2212 573 2454 626 Euripideae

145 655 226 684 nen
260 640 393 683 minus
425 640 628 682 commode
660 640 815 692 possint
845 642 1027 693 praefigi,
1060 656 1177 694 quam
1207 643 1331 683 verba
1358 641 1428 681 illa
1447 639 1645 691 jocularia
1671 640 1847 691 (ληκύθιον
1871 642 2052 695 andum)
2079 642 2245 693 singulis
2271 643 2456 683 versibus

137 709 324 762 jambicis
337 708 570 750 addantur.“
608 707 673 748 Ad
690 708 794 749 hunc
805 710 939 760 j0cum
957 715 1137 762 spectans
1155 710 1279 752 schol.
1296 709 1351 751 ad
1363 709 1455 749 Eur.
1469 708 1620 748 Phoen.
1638 708 1727 748 309.
1743 720 1819 748 non
1846 709 1930 749 sine
1948 709 2232 761 vituperatione
2246 710 2456 751 dimetrum

142 777 384 818 trochaicum
416 776 687 817 catalecticum
721 776 898 826 τροχαῖκὸν
932 782 1143 828 εφθημιμερὲς
1169 779 1366 828 Εὐριπίδειον
1396 777 1416 822 ἢ
1442 775 1599 822 ληκύθιον
1629 774 1736 815 dicit.
1789 775 2012 828 Hartungus
2038 776 2105 830 (E.
2118 789 2150 817 r.
2164 778 2195 818 L
2209 790 2249 831 p.
2264 779 2355 819 321.
2370 778 2454 832 sq.)

142 846 253 886 illum
272 848 409 897 jocum
434 845 488 885 ad
512 845 737 884 universum
763 857 888 895 genus
914 845 1082 896 dicendi,
1109 847 1214 896 quod
1239 846 1439 897 Aristoph.
1471 844 1587 884 nimis
1621 843 1777 893 subtile,
1804 847 1921 884 tenue
1948 845 2171 895 humileque
2190 859 2279 886 csse
2297 853 2452 898 arguat,

143 926 222 954 non
248 912 301 954 ad
327 912 512 965 prologos
538 913 643 953 solos
669 917 850 963 spectare
876 912 986 953 nulla
1010 914 1157 954 ratione
1178 914 1341 965 judicat.
1395 912 1508 952 Idem
1534 911 1781 963 antiquorum
1798 911 2029 963 scriptorum
2046 913 2241 953 neminem
2267 916 2453 966 prologos

144 980 345 1034 Euripidis
371 980 628 1033 vituperasse,
655 979 727 1022 sed
753 992 832 1022 uno
850 992 918 1022 ore
945 993 1079 1023 omncs
1104 981 1209 1022 laudi
1234 980 1416 1023 tribuisse
1442 979 1553 1032 dicit,
1580 978 1623 1019 id
1651 978 1756 1030 quod
1778 979 2019 1031 argumentis
2043 979 2268 1023 confirmare
2296 983 2452 1024 omnino

142 1048 316 1101 negligit.
368 1048 489 1100 Atqui
523 1052 673 1088 tantum
707 1049 837 1100 abest,
874 1053 918 1090 ut
944 1049 1121 1102 Ariston,
1156 1049 1223 1102 qui
1254 1061 1331 1091 uno
1363 1052 1515 1089 tantum
1546 1047 1643 1088 artis
1677 1047 1858 1100 poeticae
1891 1047 1977 1089 loco
2009 1048 2237 1101 tragoediae
2268 1050 2452 1103 prologos

142 1117 304 1157 strictim
329 1117 495 1167 attingit,
523 1116 755 1168 Euripideos
781 1118 966 1169 prologos
997 1117 1115 1157 laude
1140 1118 1301 1168 afficiat,
1328 1121 1371 1156 ut
1396 1117 1464 1156 illa
1490 1117 1580 1168 ipsa
1606 1129 1658 1155 ex
1684 1115 1912 1156 definitione
1937 1116 2173 1167 vituperatio
2200 1129 2335 1157 eorum
2361 1118 2453 1158 duci

143 1183 282 1236 possit.
333 1183 481 1225 Philos.
514 1183 620 1225 enim
652 1183 781 1238 (Poet.
799 1184 893 1224 XII.
907 1183 966 1238 4.)
992 1184 1193 1237 prologum
1222 1197 1309 1226 esse
1336 1184 1421 1225 vult
1445 1183 1640 1235 integram
1674 1187 1715 1224 et
1747 1182 2012 1224 necessariam
2037 1183 2263 1236 tragoediae
2288 1191 2471 1238 partem.-

143 1252 273 1301 Quum
291 1256 422 1292 autem
448 1252 490 1292 in
507 1252 683 1304 generali
709 1252 937 1304 tragoediae
965 1252 1187 1294 definitione
1205 1252 1447 1304 tragoediam
1466 1263 1555 1292 esse
1583 1251 1691 1293 dicat
1715 1251 1973 1292 imitationem
1999 1251 2163 1294 actionis
2180 1265 2253 1306 per
2277 1259 2452 1307 agentes,

143 1334 221 1360 non
252 1315 324 1372 per
357 1321 620 1361 narrationem
647 1320 811 1373 (δρώντων
836 1325 890 1358 καὶ
918 1322 957 1359 οὗ
984 1321 1020 1358 δι’
1050 1321 1283 1373 ἀπαγγελίας),
1311 1333 1390 1371 qua
1421 1333 1464 1361 re
1496 1322 1550 1360 ab
1583 1333 1632 1360 ea
1665 1320 1821 1360 differat
1854 1320 1969 1372 epica
1999 1320 2150 1372 poesis,
2183 1321 2314 1372 itaque
2340 1322 2452 1363 diffe-

142 1389 306 1429 rentiam
332 1389 531 1440 utriusque
557 1390 691 1441 poesis
716 1389 758 1429 in
784 1389 941 1430 actione
967 1395 1035 1430 aut
1061 1390 1279 1430 narratione
1297 1394 1429 1441 ponat,
1456 1402 1536 1429 non
1562 1393 1693 1440 potest
1710 1389 1986 1439 narrationem,
2015 1389 2140 1440 qualis
2168 1389 2209 1429 in
2227 1390 2451 1442 Euripideis

141 1456 314 1509 prologis
346 1456 558 1508 invenitur,
584 1470 662 1498 non
695 1459 748 1498 ab
784 1458 888 1498 omni
914 1458 1117 1509 tragoedia
1144 1462 1259 1509 atque
1285 1459 1336 1497 ab
1366 1457 1548 1497 omnibus
1581 1457 1814 1508 tragoediae
1840 1457 2019 1509 partibus
2044 1470 2202 1508 prorsus
2230 1458 2451 1499 excludere.

142 1525 273 1566 Aliam
304 1525 346 1565 in
384 1524 711 1578 vituperationem
751 1526 902 1579 prologi
940 1525 1141 1579 Euripidei
1180 1526 1395 1566 inciderunt
1432 1529 1593 1577 propter.
1633 1525 2023 1577 praenunciationem
2059 1538 2188 1566 rerum
2224 1526 2451 1567 futurarum.

141 1593 350 1634 Nonnullis
376 1593 480 1634 enim
507 1593 548 1633 in
575 1593 721 1637 fabulis
748 1594 847 1636 deus
873 1595 1078 1648 prologum
1105 1606 1227 1648 agens
1254 1593 1541 1648 spectatoribus
1568 1600 1648 1634 non
1676 1593 1802 1634 solum
1837 1593 2130 1646 antecedentia,
2167 1605 2300 1635 verum
2331 1594 2451 1636 etiam

140 1663 307 1703 actionis
332 1675 582 1714 progressum
608 1668 647 1703 et
674 1665 822 1704 exitum
848 1665 965 1705 modo
992 1665 1181 1705 occultius
1206 1663 1320 1703 modo
1346 1663 1522 1714 apertius
1549 1663 1819 1714 praenunciat.
1873 1663 2106 1713 Cujnsmodi
2130 1663 2314 1714 prologos
2335 1678 2451 1712 prae-

137 1734 360 1780 paratorios
394 1743 522 1781 neque
558 1730 665 1782 apud
700 1732 844 1773 Aesch.
879 1744 1007 1785 neque
1043 1730 1148 1783 apud
1177 1730 1316 1783 Soph„
1358 1743 1493 1771 verum
1536 1730 1645 1782 apud
1679 1743 1801 1771 unum
1842 1731 1935 1770 Eur.
1975 1730 2161 1781 inveniri,
2201 1736 2307 1772 recte
2342 1736 2452 1772 notat

142 1798 381 1839 Boeckhius.
394 1798 443 1852 ¹⁹)
496 1798 613 1847 Quod
644 1799 843 1852 Euripidis
875 1800 1092 1841 institutum
1126 1813 1152 1840 a
1183 1799 1378 1840 veteribus
1411 1798 1555 1840 criticis
1597 1798 1715 1839 laude
1747 1798 1935 1839 affectum
1974 1811 2064 1840 esse
2099 1798 2194 1839 dicit
2229 1799 2451 1852 Hartungus

144 1866 211 1918 (E.
227 1880 258 1906 r.
274 1867 305 1905 Ι.
319 1880 358 1917 p.
373 1867 496 1919 322),
529 1867 582 1906 ad
614 1870 725 1918 quus
760 1868 817 1907 rei
853 1869 1117 1908 testimonium
1151 1869 1202 1907 ab
1238 1879 1283 1906 eo
1309 1871 1470 1906 vocatur
1496 1867 1672 1907 Thomas
1704 1867 1906 1918 Magister,
1934 1868 2083 1907 saeculi
2109 1868 2217 1906 XIV.
2245 1880 2284 1918 p.
2311 1868 2384 1906 Ch.
2412 1882 2451 1907 n.

141 1934 430 1985 grammaticus,
458 1937 569 1985 cujus
596 1935 637 1974 in
655 1935 786 1975 verbis
813 1936 920 1976 hand
947 1936 1028 1976 scio
1056 1949 1107 1975 an
1124 1936 1231 1975 nulla
1247 1936 1331 1975 laus
1349 1934 1453 1984 insit,
1481 1948 1600 1985 quum
1618 1934 1850 1985 simpliciter
1876 1935 1982 1974 dicat
2002 1935 2178 1986 (synops.
2198 1935 2301 1974 vitae
2320 1936 2452 1987 Eur.):

140 2001 244 2039 πολλὰ
275 2001 341 2051 γὰρ
375 2002 418 2044 εἷς
443 2001 499 2048 τὴν
535 2006 643 2048 τέχνην
673 2008 802 2053 ἐξεῦρεν,
836 2003 858 2040 ἃ
884 2002 1089 2047 οὗὸειςῐιςοῦν
1119 2021 1157 2052 γε
1188 2005 1248 2041 τῶν
1281 2003 1346 2052 πρὸ
1380 2001 1495 2040 αὐτοῦ·
1523 2000 1561 2039 τό
1588 2018 1621 2039 τε
1655 2002 1722 2052 γὰρ
1748 2008 1781 2040 ἐν
1806 2002 1891 2052 ἀρχῇ
1918 2005 1976 2040 ποῖ·
2003 2002 2166 2052 δράματος
2198 2002 2254 2048 τὴν
2286 2002 2453 2041 ὑπόθεσιν

141 2072 316 2106 ommno&
349 2073 405 2106 καὶ
436 2071 492 2107 τὸν
528 2070 691 2119 ἀκροατὴν
725 2072 828 2121 ὥςπερ
856 2077 1065 2121 χειραγωγεῖν
1097 2074 1139 2114 εἰς
1169 2072 1207 2108 τὸ
1238 2073 1418 2120 ἔμπροςθεν
1452 2071 1630 2119 Εὖρσῐίδου
1661 2074 1810 2118 τέχνημα.
1869 2071 1975 2116 Inter
2018 2069 2257 2110 recentiores
2295 2070 2452 2111 criticos

141 2138 397 2190 gravissimus
423 2139 625 2191 Euripidis
652 2139 848 2193 defensor,
875 2141 1114 2195 Lessing1us,
1140 2143 1225 2193 eJus
1250 2139 1431 2192 prologos
1458 2139 1510 2178 ab
1537 2139 1643 2179 omni
1671 2139 1957 2192 vituperatione
1984 2138 2184 2179 vindicare
2211 2143 2373 2180 conatus
2401 2152 2453 2180 ex

141 2208 218 2248 ista
242 2220 371 2247 rerum
397 2207 610 2247 suturarum
636 2209 985 2259 praenunciatione
1012 2210 1181 2249 maxime
1206 2206 1531 2260 pulchritudinem
1557 2207 1668 2246 nasci
1695 2213 1815 2257 atque
1841 2207 1943 2247 adeo
1969 2212 2126 2258 poetam
2150 2213 2310 2258 propter
2335 2208 2453 2247 istam

146 2275 532 2328 praenunciationem
558 2275 675 2316 finem
701 2276 931 2329 tragoediae
957 2278 1011 2318 ab
1036 2277 1195 2318 Aristot.
1222 2274 1460 2329 propositum
1484 2275 1654 2316 maxime
1682 2279 1936 2317 consecutum
1963 2288 2051 2317 esse
2073 2274 2228 2327 judicat
2254 2275 2299 2329 (1.
2314 2288 2348 2316 c.
2364 2288 2452 2328 cap.

141 2346 206 2384 48.
223 2343 320 2396 49.).
363 2344 416 2383 At
442 2344 676 2395 exemplum,
704 2344 811 2394 quod
836 2345 962 2397 affert,
996 2359 1075 2386 non
1100 2342 1383 2385 accommodari
1408 2346 1541 2394 potest
1565 2343 1618 2382 ad
1644 2356 1781 2383 omnes
1809 2342 2011 2399 Euripidis
2030 2343 2233 2394 prologos.
2283 2343 2329 2383 In
2357 2344 2453 2383 Ione

141 2411 245 2451 enim
272 2411 409 2452 fabula
435 2411 648 2452 Mercurius
684 2414 972 2465 spectatoribus
1003 2413 1275 2466 praenunciat,
1303 2411 1345 2450 id
1372 2411 1483 2461 quod
1509 2412 1709 2462 agentium
1735 2425 1850 2451 nemo
1878 2412 1966 2461 scit,
1995 2412 2131 2451 Ionem
2157 2424 2248 2451 esse
2277 2412 2454 2452 Creusae

139 2480 269 2531 filium,
296 2480 432 2530 itaque
458 2479 607 2521 indicat
632 2481 800 2522 actionis
827 2482 1131 2534 implicationem
1158 2494 1208 2521 ex
1233 2481 1307 2520 hac
1331 2479 1531 2530 agentium
1558 2480 1714 2520 inscitia
1740 2480 1937 2529 orituram,
1965 2479 2016 2519 de
2035 2479 2143 2519 exitu
2168 2479 2332 2519 fabulae
2359 2480 2456 2519 nihil

139 2547 384 2600 praedicens.
439 2547 712 2590 concedamus
740 2562 835 2591 vero
868 2549 1089 2602 Lessingio,
1128 2549 1169 2590 in
1204 2548 1273 2589 illa
1308 2546 1443 2588 fabula
1474 2549 1662 2599 maiorem
1694 2551 1839 2588 metum
1864 2549 2135 2599 majoremque
2161 2547 2455 2589 miserationem

140 2620 402 2669 spectatorum
430 2616 628 2667 concitari,
656 2617 691 2658 si
717 2618 767 2658 ab
795 2618 907 2659 initio
936 2619 1132 2671 cognitum
1147 2618 1338 2667 habeant,
1365 2615 1555 2656 Creusam
1580 2628 1668 2656 esse
1695 2620 1859 2657 matrem
1878 2616 2059 2668 ejusdem
2077 2616 2198 2667 Ionis,
2227 2628 2345 2667 quem
2367 2616 2456 2668 ipsa

140 2684 394 2725 interfectura
420 2685 494 2736 sit3
521 2684 840 2735 quandoquidem
866 2686 954 2739 ipse
989 2686 1177 2737 concedit,
1204 2685 1309 2724 illam
1335 2695 1463 2723 rerum
1481 2683 1743 2734 cognitionem
1769 2683 1884 2723 nobis
1911 2683 2163 2743 artificiosius
2189 2696 2308 2737 posse
2335 2684 2454 2736 injici,

140 2765 257 2802 quam
291 2753 382 2793 Eur.
415 2753 566 2793 fecerit.
621 2753 770 2800 Quodsi
801 2767 896 2795 vero
926 2755 1021 2795 illud
1053 2755 1093 2795 in
1121 2766 1254 2795 omnes
1280 2751 1478 2803 Euripidis
1502 2751 1728 2802 tragoedias
1756 2751 1955 2802 transfert,
1983 2765 2063 2793 non
2089 2765 2298 2804 possumus
2325 2753 2377 2792 ab
2405 2766 2452 2793 eo

139 2833 218 2861 non
260 2820 478 2873 dissentire,
513 2834 643 2873 quum,
678 2826 721 2862 ut
751 2827 885 2865 nostra
917 2824 1055 2865 fabula
1086 2823 1262 2875 exemplo
1301 2825 1466 2870 utamur,
1502 2819 1616 2860 nobis
1656 2832 1889 2871 persuasum
1933 2820 2003 2871 sit,
2042 2834 2122 2861 non
2158 2821 2346 2861 minorem
2379 2834 2452 2860 nos

331 2995 375 3033 Ι0)
408 2996 548 3027 Ellendui
571 2995 610 3027 de
634 2996 761 3035 tragicis
784 2997 911 3030 Graecis
934 2998 1081 3038 imprimis
1094 2997 1235 3037 Euripide
1258 3003 1296 3027 ex
1319 2995 1456 3034 ipsorum
1478 2996 1583 3026 aetate
1607 2996 1638 3025 et
1660 2995 1855 3034 temporibus
1874 2995 2054 3036 judicandis
2076 2995 2312 3036 sequanamque
2329 2994 2455 3035 iudiciis

404 3048 642 3088 commentatum
665 3058 693 3089 p.
719 3051 772 3084 19.

329 3104 371 3138 ιἰ
405 3105 435 3138 in
458 3106 559 3138 libello
581 3107 621 3139 de
645 3107 783 3140 Graecae
805 3107 986 3148 tragoediae
1008 3106 1194 3148 principibus
1215 3105 1345 3145 script03
1368 3112 1396 3144 p.
1419 3104 1489 3136 215.

2201 3157 2278 3187 21τ**
