2634 3430
1285 98 1342 145 13

161 226 292 262 tamen
324 221 448 260 fracto
480 220 703 261 demissove
736 221 866 260 animo
881 267 884 270 .
899 220 1019 259 vitam
1053 220 1201 271 abjicit,
1235 234 1370 261 verum
1403 220 1535 260 animo
1568 220 1660 259 forti
1698 226 1817 272 atquc
1845 221 1991 262 invicto
2019 224 2166 262 sortem
2194 221 2324 263 ferens
2350 222 2465 263 matri

162 288 361 330 servitutis
388 288 519 331 sociae
546 289 709 330 multum
735 288 900 340 praebet
925 288 1069 329 solatii.
1113 289 1331 330 Immolatio
1358 290 1410 329 ab
1429 288 1593 328 Achivis
1619 288 1778 329 decreta
1803 290 2008 330 honestam
2035 289 2073 328 ei
2099 289 2214 328 offert
2240 290 2465 330 facultatem

162 356 363 399 servitutis
396 355 646 410 effugiendae
679 359 798 408 atque
832 354 952 397 eundi
978 354 1089 408 illuc,
1116 356 1185 398 ubi
1205 358 1290 409 Jam
1316 361 1408 399 sunt
1432 354 1591 409 cognati
1616 360 1657 396 et
1683 356 1840 410 affines,
1873 358 1954 411 ipsi
1979 369 2137 410 quoque
2165 357 2336 399 hostium
2361 358 2466 400 ferro

160 425 296 476 occisi3
329 438 447 477 quam
476 425 705 465 facultatem
733 424 884 463 lubenti
909 424 1041 464 animo
1067 425 1258 477 arripiens
1290 438 1368 466 non
1401 424 1577 476 queritur
1603 423 1654 465 de
1688 431 1840 467 matura
1864 439 1939 468 sua
1963 429 2090 468 morte
2114 425 2193 467 nisi
2219 425 2326 477 quod
2350 426 2464 468 matri

160 494 372 535 senectutis
399 498 439 534 et
465 492 663 534 servitutis
690 491 874 532 solatium
901 491 1101 543 eripiatur.
1155 493 1201 532 In
1227 493 1312 545 ipso
1339 506 1434 534 vero
1461 493 1597 533 mortis
1624 492 1847 534 discrimine
1872 507 2064 535 summam
2090 494 2353 534 constantiam
2378 506 2467 535 con-

155 565 333 614 junctam
366 574 454 602 cum
486 559 648 612 egregia
674 559 855 611 virginali
887 559 1080 612 pudicitia
1110 560 1271 602 exhibet
1300 562 1434 613 itaque
1469 574 1661 603 summam
1692 561 1813 602 habet
1845 562 2015 604 hostium
2040 560 2354 603 admirationem.
2407 564 2470 603 Ita

160 630 389 682 Polyxenae
417 641 588 681 persona
612 633 694 668 tam
719 628 922 680 praeclare
948 627 1189 680 pulchreque
1207 628 1403 682 descripta
1429 634 1501 681 est,
1529 634 1584 680 ut,
1604 629 1637 670 si
1656 629 1747 669 Eur.
1774 629 1893 669 aliam
1918 629 2106 671 feminam
2123 630 2330 671 honestam
2348 634 2469 682 atque

160 709 395 748 generosam
420 710 499 737 non
516 696 704 747 finxisset,
731 701 893 748 propter
917 708 1035 737 unam
1052 695 1158 736 illam
1182 697 1334 737 absolvi
1351 698 1476 750 possit
1504 698 1667 737 crimine
1692 701 1911 745 μισογυνείας.
1955 697 2154 750 Gruppius
2172 697 2332 748 quidem
2359 698 2488 738 illam‘

159 767 309 805 morum
336 763 641 817 descriptionem
666 763 934 817 probabilitati
960 776 1178 816 repugnare
1198 764 1351 816 judicat
1376 765 1423 819 (l.
1438 778 1472 807 c.
1486 779 1526 818 p.
1540 766 1664 819 375.)
1718 765 1816 805 Cum
1845 778 1922 817 quo
1954 765 2114 806 minime
2142 767 2467 807 consenserimus.

161 832 310 881 Quodsi
337 832 565 885 Polyxenae
597 832 733 873 mortis
771 831 1098 884 contemptionem
1132 832 1357 885 vituperans
1389 834 1492 875 hanc
1527 833 1719 885 virginem
1752 838 1952 885 comparat
1987 845 2075 874 cum
2092 834 2290 885 Antigona
2315 834 2466 887 Sopho-

162 901 258 951 clea,
286 913 387 952 quae
415 905 455 941 et
480 901 570 953 ipsa
595 900 647 940 ad
674 904 837 940 mortem
863 898 1061 940 destinata
1078 912 1259 952 magnum
1284 915 1379 955 prae
1408 914 1451 943 se
1475 902 1608 942 tulerit
1633 902 1739 942 vitae
1772 914 1957 952 amorem,
1993 906 2128 943 contra
2158 901 2368 942 dicendum
2393 908 2464 953 est,

160 969 262 1010 inter
293 969 495 1019 utriusque
535 968 697 1019 virginis
731 967 982 1009 condiciones
1020 980 1202 1018 magnam
1240 969 1480 1010 intercedere
1519 968 1889 1009 dissimilitudinem.
1950 970 2132 1019 Namque
2165 969 2311 1021 Antig,
2350 983 2464 1021 quae,

162 1036 342 1088 quamvis
373 1036 505 1078 multis
538 1036 652 1078 malis
678 1048 870 1089 oppressa
895 1035 959 1087 sit,
987 1039 1027 1077 et
1058 1035 1145 1087 ipsa
1170 1035 1294 1079 libera
1317 1042 1357 1079 et
1383 1038 1508 1079 libero
1535 1041 1654 1089 atque
1681 1049 1874 1087 generoso
1901 1037 1987 1077 viro
2013 1036 2213 1088 desponsa
2237 1041 2309 1087 est,
2334 1038 2466 1088 habet,

160 1117 228 1145 cur
253 1105 295 1145 in
321 1105 404 1145 vita
429 1117 631 1146 remanere
658 1103 807 1157 cupiat3
837 1103 977 1157 Polyx.
1004 1115 1097 1145 vero
1130 1115 1180 1144 ex
1210 1104 1290 1145 vita
1318 1105 1465 1147 nullam
1487 1106 1573 1158 jam
1600 1104 1840 1157 voluptatem
1866 1117 2010 1158 capere
2037 1109 2171 1157 potest
2196 1118 2325 1157 neque
2352 1106 2464 1158 quid-

161 1186 278 1224 quam
299 1178 456 1225 praeter
483 1173 681 1213 servitutis
700 1173 804 1212 mala
821 1185 910 1212 eam
935 1177 1078 1211 manet.
1124 1173 1170 1212 In
1188 1173 1311 1214 Ulixis
1328 1186 1484 1225 quoque
1502 1186 1672 1225 persona
1698 1184 1847 1213 morum
1866 1173 2083 1224 descriptio
2098 1173 2258 1213 minime
2273 1179 2467 1225 repugnat

160 1241 413 1293 praescriptis
441 1241 700 1281 Aristoteleis.
746 1240 927 1291 Namque
955 1244 994 1281 et
1019 1239 1126 1281 idem
1153 1245 1213 1282 est
1230 1240 1419 1284 facundus
1443 1245 1652 1293 veterator,
1681 1252 1799 1293 quem
1824 1239 1933 1294 apud
1959 1240 2061 1283 alios
2088 1240 2302 1294 scriptores
2329 1240 2465 1284 videre

160 1311 446 1359 consuevimus,
476 1314 515 1350 et
547 1310 665 1350 talem
694 1321 737 1349 se
768 1313 962 1360 praestat,
996 1309 1151 1359 qualem
1183 1322 1269 1349 eum
1301 1322 1389 1350 esse
1422 1310 1527 1350 actio
1558 1309 1742 1362 postulat.
1797 1310 1955 1350 Etenim
1988 1308 2041 1349 ad
2067 1309 2313 1362 Polyxenam
2350 1312 2465 1351 matri

161 1376 404 1430 eripiendam
436 1378 522 1429 quis
555 1391 577 1419 e
612 1377 777 1418 Graecis
809 1377 1049 1428 deligeretur
1080 1377 1157 1418 nisi
1188 1378 1233 1427 is,
1269 1378 1334 1428 qni
1360 1378 1401 1418 in
1430 1379 1668 1418 Achivorum
1696 1378 1881 1418 concione
1908 1378 2193 1428 Agamemnoni
2220 1378 2273 1417 ab
2300 1379 2466 1418 Hecuba

160 1445 279 1486 stanti
306 1445 493 1486 audacter
519 1448 807 1498 repugnaverat
833 1449 874 1485 et
899 1443 1163 1497 vehementer,
1195 1449 1237 1486 ut
1268 1445 1429 1486 Achillis
1464 1457 1601 1487 manes
1633 1444 1757 1486 caede
1782 1444 1948 1497 virginis
1975 1445 2173 1498 Trojanae
2200 1445 2460 1497 placarentur,

160 1515 275 1555 nixus
302 1515 410 1555 erat?
455 1514 582 1563 Quem
617 1527 639 1555 e
673 1514 840 1554 Graecis
875 1513 972 1553 Hec.
1005 1526 1031 1554 a
1063 1513 1224 1555 consilio
1256 1527 1298 1555 se
1330 1518 1600 1555 revocaturam
1631 1517 1820 1566 speraret,
1848 1513 1923 1554 nisi
1955 1526 2055 1564 eum,
2086 1525 2203 1564 quem
2229 1513 2319 1565 ipsa
2344 1520 2462 1555 antea

161 1595 211 1622 ex
239 1595 389 1623 summo
416 1582 643 1623 discrimine
670 1586 895 1623 servaverat
921 1581 1054 1632 itaque
1082 1582 1269 1622 beneficio
1296 1581 1587 1623 obstrinxerat?
1623 1583 1752 1631 Atque
1784 1594 1835 1621 ne
1868 1581 1931 1621 hic
1957 1580 2029 1631 vir,
2063 1582 2131 1631 qui
2157 1582 2210 1621 ab
2237 1582 2333 1621 Hec.
2362 1594 2464 1621 com-

160 1649 316 1690 modum
343 1650 541 1701 publicum
567 1649 792 1703 negligente
820 1652 997 1691 servatus
1024 1652 1119 1700 erat,
1147 1649 1293 1702 publici
1318 1648 1510 1690 commodi
1537 1662 1659 1690 causa
1683 1648 1968 1690 inexorabilem
1993 1661 2036 1690 se
2062 1649 2258 1701 praebens
2283 1649 2464 1700 ingratis-

161 1719 282 1758 simus
307 1718 500 1767 videatur,
526 1718 688 1769 pulchre
714 1718 916 1769 provisum
943 1722 1005 1757 est
1030 1729 1091 1767 eo,
1118 1717 1223 1767 quod
1240 1717 1377 1769 Polyx.
1404 1729 1454 1756 ex
1480 1728 1672 1768 generosa
1698 1716 1848 1767 ingenii
1874 1716 2007 1757 indole
2035 1721 2074 1756 et
2101 1716 2143 1756 in
2170 1716 2353 1757 extremis
2381 1717 2465 1757 suis

161 1786 279 1826 rebus
310 1790 474 1826 mortem
506 1786 719 1826 contemnit
754 1789 794 1825 et
825 1784 934 1826 Ulixi
967 1785 1163 1825 subvenit.
1216 1786 1262 1825 In
1292 1785 1594 1835 Agamemnonis
1627 1797 1785 1834 quoque
1817 1797 1989 1835 persona
2022 1797 2102 1824 non
2134 1784 2218 1824 fere
2252 1790 2325 1833 est,
2358 1785 2466 1835 quod

161 1852 411 1906 improbetur.
465 1852 631 1905 Propter
661 1864 833 1893 amorem
865 1864 977 1893 suum
1009 1864 1106 1903 erga
1136 1851 1394 1893 Cassandram
1425 1851 1591 1892 amicum
1624 1864 1720 1903 erga
1746 1852 1843 1892 Hec.
1878 1851 2052 1892 animum
2077 1864 2173 1903 prae
2200 1864 2245 1892 se
2271 1851 2359 1901 fert,
2387 1864 2467 1904 qua

162 1932 203 1961 re
230 1920 271 1960 iu
296 1932 460 1972 magnas
487 1920 694 1961 adducitur
719 1920 936 1972 angustias.
990 1920 1082 1961 Jam
1113 1919 1155 1960 in
1181 1919 1411 1960 Achivorum
1444 1920 1644 1973 concione,
1672 1933 1723 1961 ne
1750 1920 2017 1962 immolaretur
2042 1920 2195 1973 Polyx.,
2222 1919 2466 1961 intercedere

163 1995 325 2030 conatus
344 1994 553 2041 superatur
570 1990 775 2030 sententiis
794 1994 1021 2041 ceterorum,
1042 1990 1111 2041 qui
1128 2003 1217 2030 eum
1240 1993 1433 2040 accusant,
1458 1988 1565 2040 quod
1583 1989 1830 2030 Cassandrae
1849 2001 1971 2029 causa
1987 1989 2181 2040 ingratum
2209 2001 2253 2029 se
2278 1989 2466 2040 praebeat

161 2058 202 2097 in
228 2069 365 2097 manes
392 2057 570 2107 Achillis,
599 2060 711 2109 cujus
738 2057 911 2098 maxime
938 2070 1061 2109 opera
1087 2057 1230 2098 Graeci
1257 2057 1420 2097 victores
1447 2057 1543 2097 facti
1571 2057 1661 2097 sint.
1706 2057 1854 2098 Audita
1871 2056 2059 2110 Polydori
2086 2068 2182 2097 nece
2201 2056 2469 2098 misericordia

162 2131 299 2180 captus
326 2131 435 2180 optat
462 2125 630 2179 quidem,
659 2132 700 2169 ut
725 2126 973 2179 Polymestor
998 2141 1128 2180 poena
1153 2127 1354 2177 afficiatur,
1381 2140 1425 2168 se
1453 2127 1582 2178 ipsum
1609 2140 1704 2167 vero
1731 2126 1967 2178 supplicium
1985 2126 2036 2166 de
2066 2125 2136 2166 illo
2164 2116 2318 2166 sumere
2345 2139 2466 2177 posse

163 2186 293 2247 negat,
322 2194 428 2247 quod
454 2200 493 2236 et
520 2195 759 2236 Achivorum
783 2194 978 2237 exercitus
1005 2196 1109 2237 hunc
1134 2208 1205 2249 pro
1231 2194 1355 2236 amico
1382 2199 1500 2246 atque
1528 2194 1649 2245 socio,
1667 2194 1906 2248 Polydorum
1931 2207 2003 2247 pro
2029 2193 2142 2235 hoste
2161 2193 2318 2244 habeat,
2336 2206 2466 2245 neque

163 2265 248 2316 ipse
283 2264 421 2304 iterum
449 2264 687 2304 Achivorum
719 2262 816 2302 illud
849 2263 1101 2316 opprobrium
1136 2264 1272 2305 audire
1303 2263 1408 2304 velit.
1461 2263 1727 2304 Nihilominus
1759 2263 1947 2304 Hecubae
1979 2266 2169 2313 quantum
2201 2266 2333 2314 potest
2360 2261 2471 2302 favet

162 2332 428 2384 indulgetque,
461 2332 681 2384 impediens
713 2331 921 2382 quominus
951 2331 1096 2372 milites
1127 2331 1382 2385 Polymestori
1414 2335 1651 2382 succurrant,
1689 2335 1728 2372 et
1760 2330 1906 2371 ultione
1927 2333 2093 2382 peracta
2117 2329 2251 2382 palam
2277 2334 2356 2370 stat
2383 2342 2473 2370 cum

163 2401 328 2441 Hecuba
354 2400 545 2441 adversus
573 2399 786 2441 Thracium
811 2412 957 2452 regem,
987 2413 1105 2451 quem
1136 2403 1226 2454 jure
1251 2400 1464 2451 meritoque
1491 2398 1612 2451 plecti
1638 2398 1850 2451 profitetur.
1875 2398 2105 2450 Hartungus
2132 2398 2199 2451 (E.
2213 2412 2245 2438 r.
2260 2399 2292 2437 Ι.
2307 2411 2346 2451 p.
2361 2399 2473 2451 512.)

163 2468 288 2509 amico
316 2467 623 2520 Agamemnonis
652 2481 747 2520 erga
773 2468 869 2510 Hec.
898 2469 1028 2511 animo
1055 2483 1190 2511 verum
1209 2468 1454 2511 Cassandrae
1479 2480 1652 2508 amorem
1675 2467 1841 2508 subesse
1865 2478 2017 2519 negans
2040 2466 2141 2507 alias
2158 2479 2302 2507 causas
2319 2467 2474 2519 longius

165 2536 308 2588 repetit
334 2548 462 2586 neque
491 2536 585 2576 satis
612 2536 855 2587 argumentis
882 2536 1027 2588 firmat,
1054 2538 1205 2579 dicens:
1232 2538 1406 2589 „Agam.,
1432 2539 1475 2575 ut
1501 2535 1629 2576 solent
1655 2534 1832 2585 Atridae,
1859 2534 1984 2575 amori
2010 2538 2051 2575 et
2077 2534 2254 2588 cupidini
2281 2534 2474 2576 obnoxius

169 2603 416 2657 conspicitur.
470 2604 575 2646 Nam
608 2617 727 2656 quum
760 2618 931 2656 aequum
964 2618 1053 2648 esse
1083 2607 1285 2659 intelligat,
1318 2609 1359 2646 ut
1390 2617 1461 2657 pro
1496 2604 1637 2656 Polyx.
1663 2603 1777 2644 matri
1804 2602 2033 2644 Cassandra
2058 2603 2296 2654 restituatur,
2322 2617 2373 2645 ne
2401 2604 2474 2644 hac

162 2673 248 2725 ipse
281 2673 455 2726 privetur
487 2684 644 2724 cavens,
679 2685 921 2715 communem
954 2674 1125 2716 omnium
1157 2675 1320 2718 salutem
1352 2686 1422 2715 suo
1456 2671 1660 2713 commodo
1693 2685 1829 2714 rursus
1862 2672 2005 2714 eodem
2038 2675 2128 2714 cum
2160 2672 2368 2723 dedecore,
2397 2685 2475 2723 quo

164 2742 373 2792 quondam,
402 2754 519 2792 quum
547 2741 777 2794 Chryseidis
807 2754 929 2783 causa
953 2743 1145 2784 Achillem
1172 2741 1403 2784 contumelia
1429 2740 1616 2792 afficeret,
1645 2739 1860 2794 postponit.
1888 2771 1898 2782 .
1933 2772 1944 2782 .
1979 2772 1989 2782 .
2026 2771 2036 2783 .
2087 2740 2309 2794 Injustitiae
2327 2740 2475 2782 crimen

164 2811 306 2851 sceleri
339 2811 570 2862 profanatae
603 2810 821 2851 sacerdotis
848 2811 989 2864 Agam.
1021 2811 1215 2864 adjungit,
1253 2813 1365 2863 cujus
1392 2809 1468 2851 sibi
1502 2810 1640 2863 culpae
1675 2809 1857 2851 conscius
1890 2814 2032 2863 postca
2065 2809 2252 2851 ultionem
2285 2809 2474 2849 Hecubae

163 2878 365 2930 adjuvat.“
418 2880 456 2919 N
459 2880 566 2930 egari
591 2892 670 2920 non
697 2884 838 2931 potest,
866 2880 936 2920 tali
962 2880 1080 2921 modo
1098 2879 1400 2931 Agamemnonis
1418 2890 1628 2930 personam
1646 2878 1752 2918 omni
1770 2878 1923 2929 tragica
1941 2879 2149 2918 honestate
2173 2883 2213 2917 et
2236 2877 2476 2917 sublimitate

164 2946 326 2998 privari.
380 2946 535 2996 Quanto
563 2960 655 2988 vero
683 2946 912 3000 simplicius,
939 2953 1085 3000 quanto
1111 2946 1307 3002 pulchrius
1334 2951 1372 2988 et
1390 2945 1619 2999 tragoediae
1648 2946 1960 2998 convenientius,
1988 2947 2024 2988 si
2041 2944 2325 2999 Agamemnoni
2343 2956 2478 2984 verum

167 3015 417 3055 Cassandrae
445 3029 618 3056 amorem
645 3015 871 3057 tribuimus!
899 3016 1014 3066 Quod
1041 3017 1227 3070 probatur
1252 3027 1367 3056 versu
1393 3016 1495 3066 853„
1523 3027 1603 3068 quo
1621 3015 1762 3066 Agam.
1790 3014 1878 3068 ipse
1896 3014 2096 3068 Polydoro
2122 3013 2280 3055 affinem
2304 3025 2348 3053 se
2368 3011 2477 3061 dicit,

165 3084 199 3123 si
233 3083 395 3135 quidem
427 3085 698 3126 auctoritatem
729 3097 778 3125 ac
808 3084 927 3126 fidem
959 3086 1079 3126 habet
1114 3083 1288 3125 Elmsleii
1320 3082 1563 3124 emendatio:
1598 3087 1626 3122 εἰ
1659 3087 1689 3122 δ’
1722 3088 1791 3132 ἐμοὶ
1824 3086 1913 3137 (pro
1940 3086 1968 3121 εἰ
1993 3087 2027 3122 δὲ
2054 3084 2125 3135 σοὶ)
2155 3087 2247 3130 φιὶος
2261 3082 2372 3118 -ὅὸ
2397 3085 2478 3125 ἐστί.

160 3154 251 3200 χορῖς
284 3156 378 3190 τοῦτο
411 3153 469 3190 κοῦ
499 3154 604 3191 κοινὸν
636 3155 773 3202 στρατῷ.
830 3153 963 3195 Ροιίοι·
995 3153 1159 3194 forsitan
1200 3152 1249 3193 sit
1281 3151 1475 3192 sententia
1515 3165 1661 3203 eorum,
1707 3153 1774 3205 qui
1802 3153 2136 3205 Agamemnonem
2168 3150 2331 3191 inertiae
2358 3155 2478 3201 atque

2224 3212 2263 3247 2*
