2634 3430
1313 112 1372 162 22

178 236 367 290 partibus,
397 250 500 288 quae
527 237 629 277 inter
655 249 699 277 se
726 235 886 276 minime
907 235 1145 277 cohaereant
1162 250 1290 288 neque
1318 239 1551 289 conjunctae
1578 236 1657 279 sint
1683 236 1784 278 inter
1810 248 1854 277 se
1878 235 1956 277 nisi
1982 234 2176 276 exteriore
2204 235 2356 277 vinculo
2384 235 2498 277 unius

176 318 370 357 personae
405 306 553 357 primas
589 311 721 357 partes
756 304 926 356 agentis.
982 305 1140 346 Deinde
1174 306 1341 346 actionis
1377 306 1610 357 compositio
1644 306 1814 358 simplex
1846 309 1923 355 est,
1959 316 2078 355 quam
2104 303 2265 343 Aristot.
2299 304 2499 357 postponit

175 372 414 426 implicatae.
469 373 571 415 Tum
598 385 725 424 neque
753 372 1006 414 commutatio
1034 372 1216 414 fortunae
1242 386 1369 424 neque
1395 373 1514 418 πάθος
1539 373 1765 425 adaequant
1792 374 1989 426 optimum,
2016 365 2133 423 quem
2159 372 2253 424 phil.
2279 373 2496 423 proposuit,

176 441 346 481 modum.
400 442 541 492 Neque
577 441 705 480 minus
741 453 893 482 morum
929 440 1140 494 descriptio
1175 440 1357 482 universe
1393 440 1540 483 vitiosa
1571 447 1651 494 est,
1684 447 1894 495 propterea
1920 439 2027 492 quod
2058 452 2137 481 non
2163 439 2217 481 ad
2243 452 2498 493 personarum

176 517 366 561 tempora,
392 523 526 548 verum
552 509 605 547 ad
632 509 837 560 Euripidis
865 514 1038 549 aetatem
1064 509 1358 549 accommodata
1384 515 1457 549 est.
1503 511 1597 549 Pari
1615 510 1735 551 modo
1755 509 1974 550 sententiae
2003 508 2043 548 in
2070 509 2296 548 universum
2324 508 2498 559 graviter

174 576 455 631 vituperandae
487 583 592 626 sunt,
627 576 732 628 quod
767 577 819 618 ab
846 576 1010 618 heroica
1035 582 1165 618 aetate
1192 577 1459 630 digredientes
1486 578 1540 619 ad
1565 579 1840 631 philosophiae
1866 577 2126 630 disciphnm,
2153 589 2231 628 qua
2257 583 2377 629 poeta
2403 589 2497 617 usus

176 653 277 695 erat,
313 658 357 685 se
388 645 600 695 applicant.
655 645 838 695 Denique
873 646 1060 696 prologus
1095 657 1246 695 quoque
1278 650 1317 684 et
1351 645 1508 685 chorica
1540 658 1591 685 ex
1623 646 1847 686 Aristotelis
1880 649 2010 684 mente
2037 644 2211 695 graviter
2234 643 2497 696 vituperanda

176 718 277 754 sunt.
323 711 586 753 Nihilominus
606 712 783 753 fabulam
810 719 985 754 nostram
1011 726 1037 754 a
1061 713 1261 754 veteribus
1288 713 1421 764 magni
1447 714 1695 755 aestimatam
1724 728 1811 755 esse
1831 713 2018 763 videmus,
2046 713 2301 763 quamobrem
2314 712 2496 764 judicare

175 794 252 822 non
276 792 506 833 possumus,
547 780 780 833 Euripidem
815 787 965 822 temere
999 785 1117 833 atque
1144 781 1360 822 inconsulte
1395 795 1421 822 a
1452 781 1622 835 pristina
1647 781 1874 835 tragoediae
1907 788 2049 823 natura
2074 780 2301 823 recessisse.
2356 781 2495 832 Itaque

168 850 429 901 judicandum
457 854 529 899 est,
558 855 814 900 spectatores,
843 850 988 901 quibus
1008 862 1072 890 res
1098 862 1222 889 novae
1251 850 1302 888 ab
1330 850 1462 902 Eurip.
1490 850 1532 890 in
1560 850 1803 903 tragoediam
1820 849 2002 891 inductae
2022 849 2193 890 maxime
2211 849 2494 899 blandirentur,

172 917 225 958 ad
258 916 401 959 artium
432 922 648 970 praecepta
678 930 818 970 parum
844 918 1100 970 respicientes
1128 918 1251 968 vitiis,
1286 931 1389 969 quae
1425 931 1515 959 cmn
1541 919 1653 961 novis
1678 919 1758 960 illis
1785 920 1901 960 rebus
1935 921 2146 971 conjuncta
2172 923 2301 970 erant,
2328 918 2496 959 libenter

171 986 375 1038 ignovisse
407 992 527 1038 atque
560 987 719 1039 gavisos
753 999 863 1037 esse,
899 987 1005 1037 quod
1040 1000 1084 1028 se
1110 987 1219 1039 ipsos
1246 987 1285 1026 in
1312 999 1434 1027 scena
1459 992 1775 1040 repraesentatos
1802 987 1994 1028 viderent.
2049 987 2147 1028 Inde
2176 987 2295 1040 igitur
2320 999 2494 1028 summae

171 1053 368 1094 fluxerunt
393 1055 546 1106 laudes,
576 1067 679 1105 quae
708 1055 889 1106 Euripidi
914 1056 966 1094 ab
993 1056 1222 1105 aequahbus
1255 1055 1425 1095 tributae
1460 1060 1563 1096 sunt.
1614 1055 1789 1095 Remotis
1816 1067 1909 1095 vero
1934 1055 2182 1096 Aristoteleis
2209 1055 2350 1095 artium
2383 1068 2494 1107 prae-

173 1123 311 1175 ceptis,
339 1135 443 1174 quae
471 1123 512 1163 in
540 1122 721 1164 omnibus
747 1122 949 1174 Euripidis
977 1122 1121 1163 fabulis
1150 1123 1237 1174 plus
1263 1122 1441 1164 minusve
1467 1120 1650 1175 neglecta
1678 1128 1779 1172 sunt,
1808 1123 2011 1164 Hecubam
2038 1122 2079 1163 in
2106 1123 2276 1175 optimas
2303 1125 2390 1175 eJus
2417 1129 2493 1163 tra-

172 1190 340 1242 goedias
373 1191 523 1232 referre
559 1204 640 1232 non
673 1190 910 1231 dubitamus.
964 1191 1103 1241 Neque
1144 1190 1320 1230 inutilem
1348 1203 1437 1231 eam
1464 1192 1588 1232 fuisse
1615 1191 1668 1232 ad
1694 1192 1857 1232 affectus
1882 1196 2010 1232 metus
2037 1196 2077 1231 et
2102 1190 2364 1232 miserationis
2392 1204 2494 1232 com-

171 1259 391 1300 movendos
410 1260 683 1310 cognoscimus
702 1271 752 1299 ex
771 1271 831 1309 eo,
859 1259 963 1309 quod
978 1259 1206 1299 Plutarchus
1227 1259 1295 1311 (de
1308 1259 1423 1299 Alex.
1439 1261 1490 1300 M.
1506 1260 1593 1299 sive
1614 1260 1702 1299 virt.
1718 1260 1800 1299 sive
1816 1259 1904 1300 fort.
1918 1260 1971 1299 ΙΙ.
1992 1259 2044 1309 1.)
2065 1264 2209 1309 narrat,
2227 1259 2493 1300 Alexandrum

172 1327 406 1378 Pheraeum,
436 1326 726 1368 ferocissimum
752 1331 870 1377 atque
898 1326 1203 1368 crudelissimum
1230 1332 1452 1380 tyrannum,
1472 1328 1662 1369 Hecubae
1690 1333 1728 1369 et
1746 1327 1972 1380 Polyxenae
1998 1327 2103 1369 mala
2122 1327 2163 1368 in
2191 1339 2312 1369 scena
2336 1340 2493 1379 reprae-

171 1396 318 1435 sentari
353 1396 554 1434 videntem
586 1396 770 1434 lacrimas
807 1401 939 1434 tenere
972 1408 1048 1434 non
1080 1395 1267 1445 potuisse.
1322 1395 1370 1434 Id
1402 1407 1541 1446 parum
1574 1396 1745 1448 cogitant
1780 1395 2036 1435 recentiorum
2062 1395 2281 1435 criticorum
2307 1395 2493 1446 nonnulli,

171 1462 241 1514 qui
275 1468 488 1515 propterea
522 1462 629 1514 quod
662 1463 755 1503 Eur.
788 1477 813 1503 a
846 1462 971 1513 priore
998 1462 1225 1513 tragoediae
1252 1476 1361 1503 more
1388 1463 1591 1514 digressus
1618 1477 1849 1514 novamque,
1878 1469 1920 1503 ut
1946 1464 2178 1514 aequalibus
2201 1464 2282 1504 suis
2308 1464 2493 1516 placeret,

173 1531 276 1571 viam
305 1531 509 1582 ingressus
529 1536 602 1582 est,
625 1533 736 1583 justo
755 1530 925 1583 iniquius
954 1530 1002 1571 de
1030 1544 1078 1572 eo
1106 1533 1269 1583 ejusque
1298 1531 1445 1573 fabulis
1466 1531 1659 1583 judicant.
1707 1533 1845 1582 Itaque
1868 1532 2027 1573 minime
2052 1532 2270 1573 consentire
2288 1544 2494 1583 possumus

172 1612 260 1638 cum
289 1600 536 1648 Hermanno,
574 1600 640 1649 qui
674 1599 743 1650 (ad
770 1599 866 1638 Hec.
896 1599 1001 1650 760.)
1034 1598 1083 1638 de
1116 1603 1248 1638 nostra
1275 1598 1412 1638 fabula
1437 1598 1635 1650 Judicium
1667 1599 1760 1638 facit
1793 1599 1881 1639 hoc:
1918 1599 1988 1651 „Si
2015 1599 2147 1651 Eur-ip.
2180 1599 2384 1640 Hecubam
2417 1611 2494 1638 non

172 1666 409 1718 scripsisset,
438 1666 534 1717 quid
561 1666 670 1706 aliud
698 1679 812 1717 quam
840 1667 988 1719 aliquot
1017 1667 1186 1706 lamenta
1213 1666 1527 1707 muliercularum
1554 1666 1816 1719 periissent?“

1036 2104 1639 2184 We.
