2634 3430
1296 115 1354 163 14

164 240 375 281 debilitatis
401 241 521 282 animi
548 243 723 292 arguant,
750 252 868 292 quum
895 239 1191 280 concedendum
1218 241 1279 291 sit,
1306 240 1463 280 minime
1490 251 1681 291 apparere
1699 238 2014 291 potentissimum
2032 239 2142 280 illum
2170 253 2314 292 regem,
2343 240 2472 281 fortis-

162 308 302 349 simum
329 314 448 362 atque
475 308 796 361 superbissimum
822 307 975 359 ducem,
1007 321 1124 361 quem
1150 309 1256 362 apud
1283 309 1494 349 Homerum
1520 306 1713 348 videmus.
1767 307 1997 348 Homericus
2028 307 2094 348 ille
2120 308 2259 359 Agam.
2292 309 2472 350 omnibus

162 377 401 418 Achivorum
428 376 590 417 ducibus
613 376 809 417 obsistens
823 376 979 429 Achilli,
1007 377 1091 418 viro
1116 377 1284 419 omnium
1302 376 1542 416 Graecorum
1568 374 1791 427 fortissimo,
1809 376 1963 417 virtutis
1980 375 2198 428 praemium
2214 376 2367 428 eripere
2394 388 2471 418 non

160 450 332 498 veretu13
350 445 585 498 Euripideus
602 457 696 485 vero
715 445 868 496 anxius,
887 458 938 486 ne
956 446 1034 486 sibi
1061 459 1087 487 a
1109 446 1297 486 militibus
1323 445 1625 497 exprobraretur
1650 456 1760 485 amor
1778 444 2039 496 Cassandrae,
2064 449 2277 486 monstrum
2305 444 2472 487 hominis

159 513 462 564 sceleratissimi,
491 513 558 564 qui
585 513 718 553 omnia
743 513 881 553 divina
907 514 1155 565 humanaque
1176 516 1269 566 jura
1301 513 1585 565 permiscuerit,
1613 512 1699 564 ipse
1725 512 1921 564 supplicio
1949 513 2107 553 afficere
2136 513 2294 563 veritus,
2322 512 2470 553 ultione

160 583 254 620 anui
280 583 464 631 delegata
490 583 587 621 satis
616 584 736 621 habet
763 583 814 621 de
841 583 1018 622 facinore
1041 588 1263 632 perpetrato
1283 595 1452 631 aequam
1475 585 1702 632 Justamque
1720 581 1954 621 sententiam
1981 581 2098 623 ferre.
2142 581 2232 630 Qua
2257 595 2298 622 re
2326 594 2472 632 negare

160 663 237 690 non
268 661 476 701 possumus
513 650 684 702 probari,
719 662 822 701 quae
849 662 970 703 supra
1002 649 1043 691 in
1070 649 1293 691 universum
1327 647 1377 690 de
1406 646 1625 701 Euripidea
1650 660 1800 689 morum
1828 646 2092 702 descriptione
2119 647 2226 690 dicta
2251 652 2352 700 sunt,
2382 660 2469 689 eum

161 728 350 767 personas
388 716 572 757 heroicae
605 718 750 759 aetatis
786 718 1105 759 accommodasse
1139 717 1191 757 ad
1222 729 1331 757 suam
1367 721 1551 767 aetatem.
1613 716 1774 756 Minime
1806 729 1900 757 vero
1935 717 2181 757 Aristoteleis
2216 717 2469 768 praescriptis

157 782 347 825 satisfacit
380 797 552 836 persona
585 785 886 839 Polymestoris,
922 786 989 837 qni
1017 786 1131 827 homo
1166 784 1320 826 omnino
1353 783 1529 825 nefarius
1562 787 1682 835 atque
1716 784 2029 836 improbissimus
2061 796 2173 837 spem
2204 796 2229 825 a
2255 783 2468 836 gentilibus

156 852 455 904 hospitibusque
487 854 530 893 in
558 866 604 895 se
635 854 806 907 positam
839 854 1057 894 destituens
1090 866 1250 906 puerum
1285 853 1362 892 sibi
1390 852 1575 892 traditum
1602 865 1676 893 sua
1701 865 1820 893 manu
1847 853 2070 893 enecaverit
2096 853 2216 903 idque
2243 865 2291 893 eo
2319 857 2469 891 tantum

155 920 330 970 consilio,
358 926 401 960 ut
428 921 547 973 hujus
574 935 713 962 aurum
737 922 907 962 retinere
931 923 1068 973 possit.
1123 922 1244 973 CuJus
1272 921 1505 972 improbitas
1533 922 1652 962 etiam
1680 927 1846 972 augetur
1872 934 1919 962 eo
1948 920 2055 973 quod
2080 921 2235 962 facinus
2262 919 2361 961 illud
2385 925 2468 960 tum

156 986 314 1028 demum
346 990 569 1041 committit,
598 1003 717 1042 quum
746 990 1005 1041 Trojanorum
1040 1003 1136 1042 opes
1161 992 1245 1042 jam
1278 989 1427 1030 fractae
1448 991 1604 1041 jacent,
1639 1002 1758 1040 quum
1780 989 1866 1041 jam
1892 1001 2050 1041 sperare
2077 992 2219 1041 potest,
2247 1000 2292 1030 se
2318 999 2468 1041 poenas

155 1069 233 1096 non
267 1055 462 1107 daturum,
497 1071 545 1099 eo
577 1057 698 1109 igitur
729 1062 917 1109 tempore,
948 1071 1024 1109 quo
1052 1057 1196 1110 optime
1223 1070 1358 1099 verum
1385 1056 1553 1097 amicum
1580 1069 1623 1099 se
1650 1060 1853 1109 praestare
1880 1060 1919 1097 et
1945 1056 2073 1108 potuit
2100 1061 2138 1098 et
2166 1057 2318 1108 debuit3
2344 1061 2378 1094 er
2402 1061 2468 1098 τοῖς

128 1164 137 1174 ,
154 1130 266 1168 κακοῖς
295 1125 363 1175 γὰρ
396 1126 529 1175 ἁγαθοὶ
561 1130 761 1174 σαφέστατοι
788 1149 841 1154 -
866 1130 962 1173 φίλοι.
1021 1127 1151 1179 Atque
1190 1130 1341 1164 tantum
1372 1125 1505 1175 abest,
1540 1130 1581 1164 ut
1614 1125 1707 1164 Eur.
1740 1124 2023 1176 Polymestoris
2055 1115 2346 1176 improbitatem
2379 1124 2467 1163 aliis

153 1192 363 1234 virtutibus
395 1194 575 1245 obtegat,
609 1198 652 1234 ut
685 1205 772 1234 eam
805 1206 967 1245 prorsus
1004 1194 1188 1245 detegere
1220 1194 1487 1246 maximopere
1522 1194 1690 1234 studeat.
1745 1194 1783 1232 N
1785 1205 1925 1245 amque
1958 1193 2041 1244 ille,
2078 1205 2287 1244 quamqam
2316 1205 2465 1233 summo

153 1259 289 1300 dolore
322 1265 440 1311 atque
472 1261 743 1301 misericordia
774 1273 818 1300 se
851 1261 1036 1301 affectum
1072 1261 1242 1312 simulat,
1276 1274 1368 1302 mox
1406 1262 1447 1300 in
1485 1261 1678 1310 colloquio
1720 1273 1808 1300 cum
1843 1261 1939 1300 Hec.
1980 1260 2115 1300 habito
2157 1260 2465 1305 sordidissimam

152 1329 345 1378 pecuniae
372 1329 603 1368 aviditatem
630 1329 880 1369 dissimulare
907 1342 987 1369 non
1013 1334 1153 1380 potest,
1182 1343 1258 1380 qua
1284 1331 1472 1381 abreptus
1504 1330 1545 1369 in
1570 1327 1786 1381 perniciem
1813 1327 1986 1368 incurrit.
2031 1328 2172 1379 Neque
2199 1341 2292 1369 vero
2320 1333 2465 1368 temere

151 1400 269 1447 poeta
295 1396 606 1449 Polymestorem
633 1397 754 1438 talem
780 1396 944 1438 finxisse
971 1396 1169 1450 putandus
1197 1401 1266 1449 est,
1295 1396 1367 1439 sed
1396 1409 1473 1449 quo
1500 1396 1627 1449 magis
1653 1395 1843 1437 Hecubae
1869 1394 1929 1436 ira
1955 1400 2074 1450 atque
2108 1395 2321 1438 ulciscendi
2356 1396 2463 1449 cupi-

151 1464 255 1504 ditas
286 1469 499 1505 exacuatur
531 1476 687 1517 quoque
723 1465 880 1505 facilius
918 1464 1049 1504 audax
1087 1468 1173 1516 ejus
1209 1470 1371 1506 conatus
1405 1470 1627 1517 peragatur.
1690 1466 1830 1515 Itaque
1862 1469 1981 1516 poeta
2012 1466 2258 1506 honestatem
2290 1465 2465 1516 tragicae

150 1544 343 1584 personae
372 1546 442 1574 suo
470 1532 673 1573 commodo
701 1532 929 1574 condonans
955 1532 1148 1585 providet,
1176 1547 1226 1574 ne
1252 1533 1333 1574 ulla
1364 1534 1520 1574 omnino
1550 1537 1618 1573 aut
1649 1532 1848 1584 agentium
1874 1536 1941 1573 aut
1968 1533 2230 1585 spectantium
2261 1537 2466 1574 moveatur

149 1600 362 1652 miseratio,
396 1614 525 1652 neque
559 1601 883 1642 consentiendum
920 1607 980 1642 est
1014 1615 1101 1642 cum
1129 1604 1339 1652 Raumero,
1374 1603 1442 1652 qui
1470 1602 1532 1654 (in
1546 1606 1693 1641 annott.
1708 1601 1761 1641 ad
1776 1601 1888 1653 Eur.)
1916 1614 1964 1642 eo
1992 1601 2099 1652 quod
2123 1602 2297 1642 terribile
2326 1602 2466 1642 subeat.

150 1669 403 1720 supplicium,
437 1670 547 1710 illum
581 1670 873 1711 miserationem
906 1683 1065 1711 movere
1098 1676 1217 1721 atque
1248 1670 1440 1722 tragicam
1472 1683 1682 1722 personam
1716 1668 1801 1710 fieri
1828 1668 1938 1710 dicit.
1991 1670 2038 1710 In
2065 1669 2271 1723 Talthybii
2297 1683 2465 1723 persona

149 1749 228 1777 non
264 1738 435 1789 occurrit
469 1738 576 1789 quod
611 1737 932 1791 reprehendatur.
966 1739 1069 1778 Nam
1103 1738 1248 1791 probus
1283 1737 1350 1778 ille
1385 1751 1508 1778 senex
1542 1750 1662 1789 quum
1694 1750 1840 1790 praeco
1874 1737 1927 1777 ad
1953 1737 2159 1777 Hecubam
2186 1737 2461 1778 arcessendam

152 1805 295 1845 missus
314 1818 401 1845 eam
420 1807 536 1846 malis
557 1819 785 1858 oppressam
804 1807 989 1857 humique
1003 1810 1202 1858 jacentem
1223 1807 1449 1857 conspiciat,
1469 1806 1507 1845 ei
1526 1807 1599 1846 etsi
1617 1807 1772 1846 mulieri
1787 1806 1920 1846 hostili
1939 1819 2026 1846 cum
2039 1806 2298 1857 justissimam
2316 1807 2465 1847 miseri-

151 1871 325 1911 cordiam
351 1874 521 1924 impertit
549 1878 630 1912 tum
658 1874 979 1925 splendidissima
1006 1875 1056 1914 de
1083 1879 1206 1914 morte
1234 1875 1463 1925 Polyxenae
1491 1875 1714 1914 narratione
1740 1874 1903 1913 multum
1930 1874 2095 1924 praebet
2120 1874 2263 1915 solatii.

340 1939 401 1981 De
427 1940 543 1981 tertia
569 1941 796 1994 tragoediae
823 1945 947 1994 parte,
975 1942 1194 1994 sententiis,
1222 1942 1340 1983 Arist.
1370 1941 1508 1983 statuit
1535 1941 1665 1995 (Poet.
1679 1941 1747 1981 VI.
1761 1940 1858 1994 22),
1894 1945 1936 1981 ut
1963 1953 2012 1981 ea
2039 1940 2257 1992 enuncient,
2287 1954 2386 1992 quae
2414 1954 2464 1981 ex

152 2008 312 2047 fabulae
339 2014 568 2059 argumento
596 2009 674 2049 dici
693 2010 846 2061 possint
873 2016 912 2050 et
939 2023 1041 2062 quae
1064 2012 1245 2062 personis
1272 2011 1522 2061 loquentibus
1548 2015 1644 2061 apta
1670 2010 1760 2049 sint.
1806 2010 1869 2049 Ad
1887 2009 1984 2049 illud
2002 2014 2253 2061 praeceptum
2272 2017 2462 2062 spectant,

152 2088 255 2126 quae
287 2075 415 2127 addit,
447 2076 634 2129 pristinos
667 2082 806 2130 poetas
841 2077 1042 2119 induxisse
1077 2078 1257 2120 homines
1288 2080 1453 2121 πολιτικῶς
1483 2081 1643 2127 λέγοντας,
1677 2077 1782 2119 illius
1816 2089 1910 2118 vero
1938 2077 2123 2130 temporis
2149 2082 2286 2130 poetas
2313 2078 2462 2131 fingere

150 2148 321 2194 ῥητορικῶς
346 2148 506 2194 λέγοντας.
559 2146 606 2185 In
639 2146 931 2199 interpretando
957 2146 1032 2185 hoc
1059 2146 1164 2186 dicto
1193 2147 1454 2196 Hermannus,
1484 2158 1599 2196 quum
1627 2146 1815 2197 pleraque
1847 2145 2138 2197 tragoediarum
2164 2154 2394 2196 argumenta
2422 2148 2462 2186 in

150 2224 198 2250 eo
225 2218 440 2261 versentur,
459 2219 501 2251 ut
520 2214 569 2252 de
588 2215 748 2264 publica
772 2215 942 2253 civitatis
966 2215 1133 2265 alicujus
1156 2215 1325 2254 utilitate
1344 2219 1494 2264 agatur,
1520 2219 1684 2257 πολιτικῶς
1705 2220 1804 2263 λέγειν
1826 2215 1930 2255 idem
1953 2228 2040 2255 esse
2055 2215 2206 2265 judicat
2224 2216 2459 2271 ac-„dicere

151 2293 254 2329 quae
283 2293 305 2321 e
332 2293 375 2321 re
402 2280 563 2332 publica
586 2275 702 2331 sint,“
730 2283 898 2332 ρηιορικῶς
923 2285 1022 2331 λέγειν
1048 2281 1154 2323 idem
1181 2295 1229 2323 ac
1256 2280 1502 2334 „disceptare
1530 2280 1572 2323 in
1597 2285 1801 2334 utramque
1828 2286 1990 2336 partem,
2016 2281 2143 2335 magis
2162 2282 2461 2336 cognoscendae

150 2348 207 2389 rei
243 2360 381 2400 causa,
419 2360 538 2400 quam
571 2352 613 2390 ut
647 2347 797 2401 aliquid
830 2348 1044 2390 suadeatur
1074 2350 1140 2390 vel
1174 2349 1487 2391 dissuadeatur.“
1541 2350 1612 2391 His
1648 2362 1726 2391 non
1762 2356 1982 2404 repugnant
2016 2363 2064 2391 ea
2096 2363 2198 2404 quae
2226 2352 2461 2392 Welekerus

148 2418 318 2468 dieitw),
353 2421 519 2458 πολιτικῶς
554 2422 653 2464 λέγειν
688 2422 868 2467 spectare
905 2418 957 2455 ad
994 2419 1211 2467 simplicem
1246 2419 1518 2467 sinceramque
1560 2420 1783 2458 facundiam
1827 2421 1993 2459 hominis
2033 2434 2126 2459 vere
2165 2421 2309 2459 nobilis
2342 2426 2460 2471 atque

147 2486 339 2536 sublimis,
367 2489 539 2535 ῥητορικῶς
565 2490 665 2533 λέγειν
696 2484 749 2524 ad
776 2484 1039 2536 eloquentiam
1073 2485 1245 2526 fucatam
1279 2490 1397 2538 atque
1428 2491 1511 2527 arte
1538 2486 1729 2528 rhetorica
1756 2491 1994 2528 exornatam.
2048 2487 2110 2528 Ita
2135 2486 2194 2539 fit,
2230 2492 2273 2529 ut
2298 2492 2463 2532 πολιτικῶς

145 2554 254 2596 dicta
274 2547 417 2607 'magis
450 2553 689 2596 cohaereant
722 2566 810 2594 cum
842 2551 1003 2594 fabulae
1039 2558 1279 2606 argumento,
1316 2559 1487 2606 ῥητορικῶς
1518 2558 1646 2596 autem
1680 2554 1786 2595 dicta
1814 2554 1967 2607 longius
1994 2557 2047 2597 ab
2074 2560 2305 2608 argumento
2333 2556 2460 2609 digre-

147 2623 314 2664 diantur.
360 2622 627 2672 Quamobrem
654 2622 775 2662 Arist.
802 2633 897 2673 prae
924 2622 1101 2673 pristinis
1128 2623 1257 2674 poetis
1283 2623 1521 2674 posteriores
1548 2624 1706 2676 paulum
1734 2625 2033 2676 reprehendisse
2059 2626 2257 2677 putandus
2284 2631 2356 2665 est.

334 2694 380 2731 In
416 2692 621 2731 sententiis
651 2689 909 2730 enunciandis
942 2691 1033 2730 Eur.
1067 2704 1145 2730 non
1177 2691 1305 2731 minus
1336 2696 1454 2743 atque
1486 2693 1526 2731 in
1560 2693 1731 2732 moribus
1764 2693 2037 2734 describendis
2064 2694 2116 2733 ab
2142 2693 2302 2733 heroica
2327 2698 2457 2734 aetate

145 2761 371 2811 digreditur,
387 2772 483 2800 suae
497 2760 619 2799 aetati
635 2771 705 2798 eas
720 2758 1035 2798 accommodans.
1086 2760 1189 2798 Nam
1204 2772 1322 2811 quum
1334 2760 1653 2811 praeceptoribus
1669 2766 1842 2801 uteretur
1855 2761 2093 2811 Anaxagora
2107 2764 2147 2800 et
2159 2759 2326 2801 Prodico
2340 2760 2461 2802 idem-

146 2842 222 2880 que
241 2828 500 2870 amicissimus
515 2832 620 2869 esset
638 2825 803 2878 Socrati,
824 2825 970 2867 factum
989 2830 1060 2877 est,
1076 2829 1118 2867 ut
1132 2826 1354 2879 tragoedias
1370 2840 1460 2869 suas
1478 2828 1684 2870 sententiis
1698 2841 1748 2870 ex
1767 2828 1921 2870 illorum
1947 2827 2269 2881 philosophorum
2287 2827 2462 2871 doctrina

144 2896 318 2948 repetitis
350 2896 536 2949 repleret,
571 2894 827 2948 quamobrem
865 2906 891 2933 a
923 2894 1122 2935 veteribus
1152 2894 1331 2943 φιλόσοφος
1361 2895 1505 2942 σκηινικός
1542 2896 1760 2936 nominatus
1795 2901 1867 2936 est.
1919 2896 2214 2948 Saepenumero
2253 2908 2346 2937 vero
2381 2898 2460 2938 illis

145 2964 347 3003 sententiis
366 2965 496 3003 alieno
514 2964 600 3004 loeo
620 2963 749 3014 utitur,
778 2963 836 3001 ita
862 2962 1009 3001 fabulis
1038 2974 1107 3001 eas
1134 2962 1318 3013 inserens,
1347 2970 1400 3013 ut,
1430 2977 1548 3014 quum
1578 2964 1664 3014 ipse
1692 2969 1809 3014 poeta
1827 2965 1940 3004 nimis
1958 2965 2169 3015 perluceat,
2198 2963 2249 3003 ad
2267 2965 2460 3005 actionem

338 3131 378 3169 Ι·)
412 3130 442 3159 in
471 3129 734 3160 commentatione
764 3136 844 3167 quae
873 3127 1068 3160 inscribitur:
1102 3125 1148 3158 bie
1177 3125 1359 3167 griedyifffln
1391 3125 1565 3168 trogium
1599 3125 1655 3159 mit
1683 3124 1824 3167 {Rssdstcht
1858 3125 1911 3166 uui
1938 3126 1994 3160 ben
2024 3124 2149 3167 epiicben
2180 3124 2290 3168 <Satius
2319 3128 2460 3169 georbnct

412 3180 454 3216 (in
479 3187 559 3213 mus,
583 3180 679 3211 Rhen.
701 3180 785 3211 Tem.
811 3180 910 3219 suppl.
935 3180 961 3211 u.
986 3187 1017 3219 p.
1040 3179 1141 3213 920).
