2634 3430
1244 72 1300 121 16

112 198 269 252 proprio
295 197 473 250 recedat3
501 198 641 251 quibus
658 209 736 238 non
754 194 962 237 immodice
983 194 1171 238 utendum
1190 210 1290 249 esse,
1318 210 1450 249 quum,
1477 196 1509 238 si
1528 195 1658 238 omnia
1674 195 1810 245 γλῶτται
1829 194 1918 247 sint,
1945 194 2191 248 barbarismi,
2219 194 2280 237 sin
2298 193 2430 236 omnia

110 270 301 316 μηαφοραί,
327 266 554 317 aenigmata
576 264 806 313 efficiantur,
832 275 971 303 verum
995 276 1117 316 saepe
1144 265 1262 305 etiam
1281 265 1466 317 proprias
1492 276 1611 304 voces
1637 263 1885 303 adhibendas
1912 274 2014 303 esse.
2058 263 2199 315 Itaque
2217 263 2429 304 dictionem

111 333 325 386 prudenter
342 332 635 386 temperandam
654 342 742 371 esse
761 335 801 370 et
818 330 989 382 propriis
1017 336 1057 371 et
1083 332 1315 384 peregrinis,
1341 336 1384 372 ut
1409 332 1508 372 baec
1525 331 1770 384 gravitatem,
1798 331 1869 371 illa
1892 329 2217 383 perspicuitatem
2242 330 2429 370 efficiant.

300 402 547 449 Quamquam
565 400 766 450 Euripidis
792 399 1007 438 dictionem
1033 412 1162 450 neque
1180 402 1443 452 Aeschyleam
1469 399 1731 450 granditatem
1748 411 1878 449 neque
1904 398 2168 449 Sophocleam
2194 399 2430 438 suavitatem

110 469 356 522 adaequare,
394 467 465 509 sed
496 466 655 519 paulum
682 478 804 518 supra
829 465 1034 517 vulgarem
1068 468 1284 510 orationem
1313 468 1440 510 attolli
1467 468 1569 508 inter
1601 480 1738 509 omnes
1765 466 1851 509 fere
1879 469 2049 517 constat,
2082 469 2188 507 certe
2219 469 2353 506 tamen
2382 477 2433 505 ea

113 534 291 591 putanda
324 539 400 587 est,
434 546 536 586 quae
569 532 816 576 Aristoteleis
852 533 1109 588 praescriptis
1142 534 1379 588 satisfaciat,
1414 546 1534 587 quum
1565 545 1696 587 neque
1733 533 2013 577 obscuritatem
2048 544 2180 586 neque
2214 531 2431 574 exilitatem

113 605 271 644 habeat.
322 603 439 642 Arist.
472 602 559 653 ipse
593 602 724 654 (Poet.
738 603 872 641 XXII.
890 603 974 655 19.)
1006 604 1047 641 ἰιι
1074 604 1278 654 jambicis,
1316 615 1416 653 quae
1450 604 1620 642 maxime
1652 603 1853 642 imitentur
1884 603 2087 653 vulgarem
2120 602 2351 650 orationem,
2380 612 2430 639 ea

115 672 284 713 dictione
310 670 498 711 utendum
524 682 613 710 esse
642 669 751 720 dicit,
780 683 861 720 qua
886 671 1006 711 etiam
1032 671 1073 711 in
1100 672 1256 722 vulgari
1284 672 1460 712 oratione
1486 671 1545 712 uti
1573 671 1785 722 possimus.
1839 672 1890 712 Et
1916 671 1993 711 alio
2019 670 2107 710 loco
2133 669 2270 722 (Rhet.
2287 668 2360 709 ΠΙ.
2374 667 2434 719 2.)

114 739 339 780 nominatim
359 737 587 790 Euripidem
606 742 766 790 propter
783 737 997 779 dictionem
1015 738 1162 790 laudat,
1177 738 1329 779 dicens:
1357 741 1406 776 δεῖ
1429 738 1604 776 λανθάνειν
1630 742 1804 781 ποιοῦντας
1820 741 1877 776 καὶ
1891 738 1936 786 μὴ
1960 740 2062 775 δοκεῖν
2081 741 2179 786 λέγειν
2194 739 2432 783 πεπλασμένοις,

114 807 193 845 ἀλλὰ
228 806 427 854 umbrac-
458 809 552 844 τοῦτο
581 806 649 855 γιὶρ
681 805 839 848 πιθανόν,
871 811 970 843 ἐκεῖνο
998 809 1032 844 δὲ
1061 807 1260 844 τούναντίον·
1288 836 1452 846 .....
1480 810 1643 844 κλέπτεται
1669 808 1698 843 δ’
1731 802 1776 850 εὖ,
1801 806 1858 843 ἐάν
1880 822 1926 849 τις
1951 811 1985 844 ἐκ
2011 810 2065 851 τῆς
2090 807 2245 847 εἰωθυίας
2271 807 2434 841 διαλέκτου

113 880 241 923 ἐκλέγων
269 878 422 923 συντιθῇ·
452 875 470 910 ὅ
499 890 560 921 περ
590 874 763 922 Εὐριπίδης
788 879 876 910 ποιεῖ
899 877 954 911 καὶ
981 875 1120 915 ὑπέδειξε
1137 879 1268 923 πρῶτος.
1313 874 1650 914 Dissimulandum
1675 875 1797 925 igitur
1824 887 1914 915 esse
1947 874 2042 914 dicit
2069 873 2234 914 ornandi
2261 872 2433 913 Stadium

113 949 150 983 et
178 944 279 983 bene
307 942 559 992 dissimulari,
588 941 623 981 si
650 941 739 992 quis
769 954 821 982 ex
848 947 1041 983 consueto
1069 955 1247 982 sermone
1275 941 1429 981 delecta
1456 944 1681 992 conjungat,
1709 941 1752 982 id
1779 942 1887 994 quod
1914 942 2049 994 Eurip.
2077 941 2228 982 fecerit.

298 1010 346 1050 In
376 1013 513 1050 nostra
545 1020 704 1060 quoque
731 1007 871 1050 fabula
895 1009 1170 1051 translationes
1194 1008 1441 1050 inveniuntur
1467 1020 1541 1049 nec
1566 1010 1784 1061 permultae
1810 1022 1884 1051 nec
1899 1008 2017 1050 nimis
2045 1008 2283 1062 conspicuae
2303 1018 2433 1058 neque

111 1078 253 1120 desunt
279 1077 383 1119 aliae
410 1076 713 1129 inaequalitates
741 1088 775 1118 s.
801 1076 964 1130 figurae,
991 1090 1090 1131 quas
1118 1089 1344 1119 enumerare
1370 1080 1439 1118 aut
1466 1076 1629 1118 strictim
1656 1077 1850 1130 attingere
1883 1080 2051 1129 angusto
2084 1076 2213 1129 spatio
2244 1079 2434 1126 vetamur,

113 1147 292 1197 quamvis
326 1150 446 1197 poeta
478 1144 633 1184 modice
668 1145 720 1185 iis
753 1150 896 1185 utatur.
949 1147 1012 1185 Ita
1042 1147 1100 1196 fit,
1133 1150 1176 1185 ut
1207 1145 1325 1184 dictio
1358 1150 1397 1184 et
1429 1145 1690 1184 humilitatem
1720 1145 2016 1197 exilitatemque
2042 1145 2216 1196 vulgaris
2244 1143 2434 1183 orationis

113 1213 275 1266 effugiat
306 1225 437 1263 neque
471 1216 540 1252 aut
579 1211 731 1253 tumida
764 1216 834 1253 aut
869 1212 1035 1254 obscura
1061 1212 1122 1264 sit,
1149 1212 1281 1263 itaque
1309 1224 1359 1252 ex
1386 1211 1608 1253 Aristotelis
1635 1215 1764 1253 mente
1791 1210 1991 1253 laudanda
2017 1211 2081 1253 sit.
2134 1211 2276 1262 Neque
2302 1213 2434 1250 tamen

114 1281 273 1333 desunt,
307 1281 376 1332 qui
410 1280 451 1320 in
485 1280 660 1321 dictione
693 1292 852 1334 quoque
885 1278 1112 1333 Euripidem
1142 1281 1360 1332 vituperent
1393 1280 1513 1332 idque
1546 1280 1619 1332 ita,
1652 1284 1695 1321 ut
1727 1279 1965 1332 vituperatio
1998 1279 2039 1320 in
2072 1284 2244 1328 nostram
2277 1289 2434 1329 qnoque

117 1350 293 1390 fabulam
311 1349 518 1389 transferri
538 1349 676 1399 possit,
704 1354 747 1389 ut
765 1349 964 1400 Aristoph.
992 1349 1110 1401 (Rau.
1127 1350 1236 1389 1338.
1251 1350 1314 1389 51.
1329 1351 1392 1389 53.
1406 1349 1514 1402 sqq.)
1559 1349 1790 1400 Euripidem
1808 1348 2045 1400 perstringit,
2073 1348 2179 1398 quod
2202 1346 2435 1399 saepissime

115 1430 211 1458 usus
238 1417 290 1458 sit
316 1416 586 1469 geminatione
615 1417 836 1457 verborum.
882 1416 993 1464 Quae
1018 1417 1058 1456 in
1082 1417 1176 1456 Hec.
1203 1416 1400 1457 invenitur
1425 1417 1658 1467 sexcenties,
1686 1416 1807 1467 idque
1830 1417 1871 1456 in
1896 1416 2075 1468 partibus
2103 1415 2273 1466 melicis3
2300 1426 2434 1465 quam-

115 1486 261 1535 obrem,
289 1497 409 1535 quum
439 1484 516 1524 hac
547 1484 813 1535 geminatione
850 1484 1104 1534 querimoniis
1138 1485 1226 1536 plus
1253 1485 1441 1536 ponderis
1468 1485 1666 1534 afferatur,
1694 1484 1802 1525 illam
1827 1484 2155 1536 vituperationem
2181 1488 2224 1524 ut
2250 1483 2435 1535 injustam

114 1553 327 1605 rejicimus.
382 1553 475 1593 Pari
512 1552 631 1594 modo
660 1552 836 1604 Euripidi
865 1552 1046 1604 objicitur
1080 1552 1290 1602 σιγματισιιὸς
1316 1567 1347 1594 S.
1380 1552 1524 1594 nimius
1557 1552 1757 1593 literarum
1789 1552 2031 1594 sibilantium
2066 1565 2180 1604 usus,
2208 1551 2276 1605 qui
2302 1550 2434 1601 efficit,

116 1626 157 1663 ut
189 1633 330 1662 versus
366 1621 582 1662 molliorem
616 1619 784 1661 reddant
817 1632 966 1661 sonum.
1026 1620 1149 1673 Cujus
1186 1620 1242 1661 rei
1276 1620 1317 1661 in
1356 1621 1454 1662 Hec.
1487 1632 1643 1674 quoque
1676 1633 1755 1661 non
1792 1632 1921 1674 pauca
1955 1620 2208 1660 inveniuntur
2242 1618 2436 1671 exempla.

116 1693 166 1730 At
193 1692 269 1730 hoc
296 1691 452 1740 vitium,
486 1691 539 1730 ad
575 1690 681 1739 quod
718 1690 887 1730 fortasse
919 1702 1047 1740 pauca
1079 1690 1159 1729 alia
1185 1690 1394 1739 accedunt,
1428 1689 1469 1728 id
1495 1702 1575 1729 non
1607 1694 1679 1739 est,
1709 1689 1815 1739 quod
1844 1690 2067 1730 universam
2093 1694 2250 1729 nostrae
2277 1688 2436 1728 fabulae

116 1758 329 1799 dictionem
357 1769 607 1809 corrumpere
642 1758 804 1808 ejusque
840 1756 1003 1797 virtutes
1029 1756 1239 1798 obscurare
1274 1756 1416 1809 possit.
1467 1756 1733 1805 Quamobrem
1759 1755 1891 1797 facere
1913 1770 1992 1798 non
2018 1769 2237 1809 possumus,
2266 1756 2358 1807 quin
2384 1754 2436 1796 ad

116 1826 307 1867 Hecubae
327 1824 539 1866 dictionem
560 1824 775 1865 referamus
802 1824 952 1866 Horatii
978 1824 1074 1865 illud
1101 1824 1184 1878 (ep.
1200 1825 1252 1866 ad
1278 1825 1360 1866 Pis.
1375 1826 1464 1865 351.
1479 1825 1603 1879 sqq.):
1631 1825 1778 1865 Verum
1804 1824 2012 1877 ubi'plura
2034 1825 2160 1865 nitent
2186 1824 2227 1864 in
2253 1823 2436 1872 carmine,

117 1907 196 1933 non
224 1906 299 1944 ego
325 1892 465 1943 paucis
479 1916 531 1920 —
545 1892 733 1932 Offendar
758 1893 932 1943 maculis,
960 1904 1057 1942 quas
1083 1897 1152 1932 aut
1180 1894 1332 1934 incuria
1358 1892 1472 1942 fudit,
1487 1915 1538 1921 —
1553 1893 1633 1932 Aut
1659 1893 1830 1932 humana
1856 1905 1995 1944 parum
2022 1893 2127 1932 cavit
2152 1897 2303 1932 natura.

311 1960 538 2000 Postremas
567 1959 665 2000 duas
691 1959 919 2010 tragoediae
946 1964 1090 2010 partes,
1118 1960 1426 2000 modulationem
1453 1964 1492 2000 et
1519 1961 1719 2000 scenicum
1745 1964 1989 2011 apparatum,
2017 1959 2135 1999 Arist.
2163 1959 2321 1999 minime
2350 1958 2438 1998 illu-

121 2031 230 2077 strat,
259 2039 381 2080 quum
407 2038 545 2079 parum
572 2025 792 2079 pertineant
818 2026 871 2068 ad
898 2032 1021 2069 artem
1050 2028 1264 2080 poeticam3
1291 2039 1461 2079 namque
1489 2027 1609 2068 etiam
1636 2027 1721 2068 sine
1749 2026 1799 2069 iis
1816 2027 2021 2079 tragoedia
2046 2026 2087 2067 id
2114 2025 2220 2079 quod
2237 2026 2321 2067 vult
2347 2038 2437 2067 con-

120 2096 233 2147 sequi
270 2099 390 2146 atque
423 2098 569 2134 metum
602 2099 641 2134 et
673 2095 963 2136 miserationem
998 2108 1243 2137 commovere
1282 2100 1427 2148 potest.
1482 2095 1745 2144 Quamobrem
1784 2107 1853 2136 eas
1892 2095 2049 2136 omnino
2083 2095 2437 2147 praetermittentes

120 2170 367 2205 transeamus
388 2164 474 2214 Jam
501 2162 553 2202 ad
581 2164 815 2204 exteriorem
842 2164 1072 2216 tragoediae
1098 2165 1288 2217 habitum,
1317 2176 1433 2216 quem
1451 2164 1570 2203 Arist.
1590 2176 1676 2217 cap.
1691 2164 1783 2204 XII.
1801 2164 1962 2205 strictim
1989 2168 2029 2204 et
2053 2164 2167 2215 quasi
2192 2163 2438 2216 praeteriens

120 2237 273 2283 tractat,
301 2236 435 2283 partes
461 2232 688 2282 tragoediae
718 2246 950 2273 enumerans
977 2233 1067 2272 has:
1093 2233 1311 2284 prologum,
1336 2235 1521 2275 ἐπειςόδιον,
1549 2233 1730 2283 exodum,
1760 2233 1928 2273 chor-ica.

305 2298 463 2350 Prologi
498 2298 615 2340 Arist.
651 2299 731 2341 alio
759 2312 914 2353 quoque
948 2300 1034 2341 loco
1064 2298 1199 2353 (Rhet.
1215 2300 1288 2340 ΙΙΙ.
1309 2301 1386 2352 14.)
1414 2300 1649 2341 mentionem
1676 2300 1771 2341 facit
1799 2300 1952 2342 dicens:
1979 2300 2017 2339 τὸ
2044 2300 2213 2351 προοίμιόν
2239 2304 2325 2337 eam
2352 2297 2438 2348 ἀρχὴ

119 2368 237 2416 λόγου,
268 2368 348 2415 ὅπερ
376 2372 408 2404 ἐν
435 2367 559 2412 ποιήσει
587 2367 748 2415 πρόλογος
774 2370 828 2404 καὶ
855 2373 886 2405 ἐν
914 2369 1045 2413 αι’-λήσει
1071 2368 1264 2417 προαύλιον·
1297 2368 1409 2406 πάντα
1453 2369 1520 2417 γὰρ
1557 2368 1658 2417 ἁρχαὶ
1695 2368 1782 2406 ταῦτ’
1828 2370 1891 2406 εἰσί
1929 2371 1985 2406 καὶ
2017 2369 2205 2414 ὖὸοποίησις
2235 2372 2278 2416 τῷ
2312 2367 2438 2405 ἐπιόντι.

119 2437 207 2484 Quo
234 2441 418 2487 apparet,
455 2434 684 2485 tragoediae
709 2435 914 2487 prologum
942 2449 1030 2476 esse
1059 2436 1225 2476 actionis
1253 2436 1565 2488 ingressionem,
1600 2450 1679 2487 qua
1711 2443 1951 2489 spectatores
1977 2437 2027 2478 de
2054 2437 2173 2477 rebus
2199 2433 2438 2485 quibusdam

117 2502 457 2552 antecedentibus,
486 2515 509 2542 e
537 2502 682 2552 quibus
713 2502 879 2543 actionis
916 2502 1130 2555 implicatio
1157 2503 1353 2555 gignatur,
1384 2504 1569 2545 certiores
1603 2504 1710 2544 fiant.
1754 2505 1916 2545 Multum
1941 2518 2036 2545 vero
2062 2504 2211 2545 distant
2235 2501 2438 2554 Euripidei

117 2569 332 2624 prologi¹⁷)
370 2583 395 2610 a
426 2569 673 2622 Sophocleis.
726 2569 908 2620 Namque
941 2570 1048 2623 apud
1082 2570 1204 2623 Soph.
1237 2570 1389 2623 prologi
1424 2571 1620 2613 artissime
1654 2571 1848 2625 conjuncti
1877 2575 1969 2614 sunt
1996 2585 2083 2613 cum
2110 2571 2284 2622 actione,
2319 2582 2439 2622 quum

116 2652 310 2692 personae
345 2639 472 2692 primo
506 2638 620 2678 initio
658 2637 700 2678 in
738 2650 898 2679 scenam
931 2639 1166 2690 prodeuntes
1198 2639 1357 2691 dialogo
1391 2653 1469 2680 non
1499 2641 1652 2693 longius
1685 2640 1868 2693 repetito,
1907 2653 2044 2682 verum
2077 2653 2100 2682 e
2135 2645 2277 2681 natura
2309 2652 2440 2680 rerum

116 2707 261 2747 fluente
290 2711 533 2759 spectatores
560 2707 600 2745 in
627 2706 823 2746 actionem
851 2706 1048 2746 inducant.
1094 2709 1138 2747 In
1154 2707 1379 2758 Euripideis
1406 2720 1499 2748 vero
1526 2709 1738 2760 tragoediis
1763 2709 1964 2760 plerisque
1990 2722 2071 2749 una
2094 2713 2245 2748 tantum
2270 2720 2441 2759 persona

116 2789 276 2816 scenam
302 2775 525 2826 ingreditur
549 2778 588 2814 et
619 2774 672 2815 ad
699 2779 944 2826 spectatores
973 2787 1162 2815 conversa
1196 2787 1324 2815 rerum
1352 2780 1494 2816 statum
1519 2777 1715 2818 narrando
1732 2777 1905 2829 exponit,
1932 2789 2212 2826 nonnunquam
2230 2776 2350 2816 etiam
2376 2787 2440 2815 res

117 2844 404 2896 spectatoribus
432 2843 677 2893 notissimas,
706 2847 749 2882 ut
777 2842 818 2883 in
846 2842 985 2883 fabula
1012 2843 1166 2883 Helena
1191 2843 1361 2883 Menelai
1389 2856 1486 2884 uxor
1512 2845 1717 2897 prologum
1743 2858 1867 2898 agens
1893 2857 2049 2895 nomen,
2077 2844 2259 2896 patriam,
2286 2843 2440 2884 Paridis

112 2912 320 2964 judicium,
358 2912 457 2951 alias
492 2923 554 2950 res
591 2911 688 2951 satis
721 2915 836 2950 notas
873 2914 1016 2951 narrat.
1068 2910 1267 2950 Interdum
1300 2911 1365 2951 illa
1400 2924 1570 2964 persona
1605 2913 1754 2954 nullam
1786 2914 1951 2954 actionis
1979 2912 2104 2965 ipsius
2130 2917 2282 2964 partem
2309 2911 2439 2962 habet,

312 3076 353 3111 Ι7)
387 3076 429 3107 De
445 3076 580 3113 prologis
597 3075 770 3114 Euripideis
786 3072 943 3107 uberrime
956 3074 1149 3113 scripserunt
1164 3075 1390 3108 Eichstaedtius
1413 3077 1443 3108 in
1460 3078 1572 3115 libello,
1590 3078 1640 3116 qui
1663 3078 1854 3110 inscribitur:
1875 3079 1936 3117 „de
1949 3077 2090 3109 dramate
2106 3076 2293 3109 Graecorum
2307 3075 2442 3108 comico-

382 3125 540 3164 satyrico“
563 3129 594 3159 et
616 3127 648 3160 F.
669 3127 721 3159 Tb.
745 3126 917 3159 Ellendtius
941 3126 971 3159 in
994 3126 1218 3158 dissertatione
1241 3127 1280 3158 de
1304 3127 1439 3166 prologis
1461 3128 1643 3167 tragoediae
1665 3129 1816 3161 Graecae.
