2634 3430
1298 123 1355 170 21

172 255 235 286 vv.
263 245 353 286 366.
382 257 468 297 sqq.
501 244 779 298 pronunciatas
805 246 949 287 reverti
977 245 1144 299 Judieat.
1201 245 1341 300 Polyx.
1371 245 1475 287 enim
1502 245 1552 287 de
1580 246 1685 287 vitae
1712 246 1902 287 felicitate
1930 245 2148 298 desperans
2174 244 2239 286 illo
2265 245 2352 287 loco
2379 244 2487 296 dicit,

170 326 215 353 se
241 314 408 353 libenter
431 307 596 354 mortem
624 314 780 353 futurae
806 315 900 353 sorti
917 319 1156 367 anteponere
1175 320 1214 355 et
1232 316 1329 355 Hec.
1354 327 1512 367 quoque
1539 326 1576 353 V.
1605 327 1638 353 c.
1665 314 1895 366 interrogat:
1923 319 1955 352 τί
1971 315 2103 364 δράσι»,-
2129 319 2188 351 ποῖ
2205 315 2375 359 τελευτήσω
2399 317 2487 363 βίονς

172 381 277 421 Num
306 381 348 422 id
382 381 499 422 choro
531 393 670 422 ansam
701 379 797 421 dare
829 385 960 433 potest
990 382 1200 424 aberrandi
1226 383 1279 423 ab
1306 382 1462 423 actione
1487 386 1527 422 et
1554 394 1648 422 suae
1675 382 1913 424 condicionis
1940 381 2215 435 reputandae?
2268 382 2330 421 Ita
2356 381 2488 422 omnia

171 449 315 490 vitiosa
346 449 519 499 chorica,
554 449 674 489 etiam
705 447 871 495 ἐμβόλιμα.
904 451 1081 491 exeusari
1106 463 1225 503 posse
1257 450 1454 490 videntur.
1510 450 1689 489 Alterum
1717 462 1872 500 quoque
1899 451 2107 498 stasimum
2133 450 2219 502 (vv,
2237 450 2315 489 633
2328 472 2380 477 —
2393 450 2488 488 657:

170 519 239 565 ἐμοὶ
263 520 345 567 χρῆν
371 516 542 566 συμφοράν
568 515 663 570 etc.)
690 516 743 557 ad
770 517 989 558 communia
1003 523 1153 560 tantum
1179 519 1284 560 mala
1310 521 1467 571 spectat
1492 529 1623 567 neque
1648 517 1728 558 ullo
1745 517 1861 559 modo
1889 518 2073 559 cohaeret
2091 531 2179 558 cum
2205 517 2298 569 ipsa
2320 516 2488 557 actione.

171 586 268 626 Hec.
296 584 464 626 feminas
491 584 657 635 hortata,
681 588 735 635 ut,
764 583 798 625 si
824 583 920 636 quid
947 591 1105 628 omatus
1131 583 1333 638 haberent,
1362 586 1416 626 ad
1443 586 1673 638 Polyxenae
1699 585 1862 627 inferias
1888 585 2152 626 instituendas
2180 584 2418 635 conferrent,
2446 584 2487 623 in

168 653 377 695 tentorium
394 653 479 694 abit
503 651 802 693 inconstantiam
830 656 870 692 et
893 654 1150 696 mobilitatem
1177 655 1359 696 fortunae
1387 667 1521 695 secum
1548 658 1747 705 reputans.
1794 654 1894 693 Tum
1922 655 2061 694 chorus
2087 667 2218 705 neque
2245 653 2350 693 hane
2376 665 2489 704 repu-

165 721 354 763 tationem
390 720 568 772 sequitur
606 732 736 771 neque
776 721 965 762 Hecubae
1006 723 1215 765 hortationi
1251 724 1462 764 obsecutus
1496 723 1538 762 in
1567 721 1796 774 Polyxenae
1831 723 2033 774 sepultura
2065 726 2280 775 occupatus
2314 726 2387 773 est,
2416 720 2489 761 sed

168 790 427 830 communium
452 790 643 830 malorum
669 801 748 829 non
774 789 903 829 minus
929 789 1167 831 Graecorum
1193 804 1310 842 quam
1338 791 1601 842 Trojanorum
1628 801 1788 829 causam
1815 802 1865 830 ex
1890 789 2045 830 Paridis
2064 790 2215 841 judicio
2240 789 2398 841 repetit.
2440 789 2488 828 In

168 856 244 898 hoc
269 856 422 897 cantico
448 859 657 909 praeterea
682 855 984 909 vituperandum
1007 857 1240 910 judicamus,
1269 858 1375 910 quod
1402 858 1644 899 Graecorum
1670 857 1776 898 mala
1808 857 1963 909 plenius
1985 869 2106 908 quam
2133 857 2393 909 Trojanorum
2420 856 2488 896 de-

164 924 396 964 scribuntur.
450 924 651 964 Miseratio
679 925 794 974 enim,
822 937 924 973 quae
946 930 1151 975 praeterea
1174 939 1327 976 quoque
1355 939 1406 966 ex
1432 931 1591 965 nostrae
1626 926 1785 964 fabulae
1813 925 1981 964 choricis
2006 937 2085 963 non
2112 925 2180 963 uni
2208 926 2395 964 Hecubae
2419 925 2485 962 tri-

166 991 307 1043 buitur,
333 1004 470 1034 verum
496 991 599 1033 inter
627 991 729 1034 hanc
752 996 791 1034 et
817 990 996 1034 Troades
1027 991 1231 1045 dividitur,
1264 995 1338 1036 hac
1364 1008 1407 1035 re
1433 994 1588 1045 longius
1622 994 1673 1034 ab
1702 993 1798 1033 Hec.
1826 996 2057 1033 removetur.
2111 992 2376 1032 Fimhaberus
2402 993 2486 1042 qui-

167 1058 258 1101 dem
285 1058 331 1115 (1.
346 1058 401 1115 c.)
429 1059 505 1102 hoc
532 1058 727 1102 canticum
751 1059 955 1114 praeclare
979 1059 1167 1103 Hecubae
1184 1060 1366 1105 abeuntis
1389 1060 1628 1116 reputationi
1656 1060 1865 1103 convenire
1891 1070 1942 1102 ex
1960 1070 2085 1112 eaque
2100 1063 2233 1102 natum
2258 1070 2346 1102 esse
2373 1058 2486 1112 dicit3

167 1134 209 1168 at
221 1134 304 1169 toto
322 1129 495 1167 carmine
513 1129 621 1167 nulla
636 1129 908 1180 prosperitatis
932 1129 993 1167 his
1016 1129 1129 1168 malis
1151 1131 1432 1181 antecedentis,
1457 1131 1567 1169 nulla
1593 1129 1866 1168 mutabilitatis
1892 1129 2072 1167 fortunae
2099 1129 2244 1167 mentio
2283 1129 2337 1166 fit.
2401 1130 2485 1167 Nee

166 1197 295 1248 magis
311 1197 468 1238 tertium
485 1197 686 1238 stasimum
713 1198 796 1249 (vv.
824 1198 901 1237 899
915 1199 1085 1237 -946.:
1111 1199 1154 1235 σὺ
1173 1205 1237 1245 μέν,
1263 1197 1289 1236 ὦ
1315 1204 1431 1248 πατρὶς
1452 1201 1549 1241 ’mdc
1576 1200 1672 1251 etc.)
1699 1212 1772 1249 per
1796 1211 1838 1237 se
1856 1198 2156 1248 pulcherrimum
2172 1199 2341 1247 positum
2359 1204 2419 1237 est
2446 1200 2486 1237 in

167 1264 333 1308 actionis
359 1264 649 1319 progressione.
692 1261 905 1319 Postquam
932 1264 1080 1307 famula
1106 1265 1158 1307 ad
1186 1266 1497 1320 Polymestorem
1524 1265 1806 1309 arcessendum
1833 1264 1957 1307 missa
1983 1269 2060 1316 est,
2088 1265 2184 1306 Hec.
2211 1264 2252 1306 in
2279 1265 2487 1307 tentorium

166 1335 260 1386 abit,
287 1335 427 1386 Agam.
454 1345 548 1374 vero
575 1346 618 1374 se
646 1334 835 1374 Hecubae
861 1334 1050 1374 ultionem
1067 1333 1286 1386 adjuturum
1312 1336 1511 1388 pollicitus
1537 1335 1592 1375 ad
1620 1335 1836 1375 exercitum
1863 1334 2090 1386 regreditur.
2136 1334 2236 1374 Tum
2256 1334 2396 1375 chorus
2415 1335 2485 1374 mi-

166 1404 271 1443 nime
296 1403 510 1454 respiciens
532 1405 661 1453 justas
688 1414 837 1453 poenas
868 1414 894 1441 a
925 1402 1193 1453 Polymestore
1231 1404 1466 1454 repetendas
1503 1417 1632 1453 neque
1668 1403 1720 1443 ad
1752 1403 1849 1442 deos
1881 1403 2040 1442 mittens
2077 1415 2233 1454 preces,
2259 1407 2302 1441 ut
2334 1403 2484 1453 pericu-

165 1471 291 1511 losum
317 1470 516 1522 inceptum
537 1472 690 1522 Juvent,
721 1470 866 1521 Trojae
893 1469 1074 1521 depingit
1099 1471 1423 1522 expugnationem
1452 1476 1491 1511 et
1518 1471 1703 1511 Paridem
1732 1471 2004 1521 Helenamque
2032 1475 2268 1511 exsecratur.
2322 1469 2485 1509 Fimha-

166 1540 285 1580 berus
317 1538 364 1592 (l.
379 1538 434 1591 c.)
468 1538 543 1578 hoc
571 1550 729 1578 carmen
755 1551 806 1578 ex
833 1537 981 1578 ultimis
996 1537 1196 1580 deducens
1221 1539 1352 1579 verbis
1370 1539 1680 1590 Agamemnonis
1708 1540 1902 1590 abeuntis,
1932 1539 2000 1589 qui
2027 1539 2123 1579 dicit
2152 1539 2235 1591 (vv.
2250 1539 2338 1578 896.
2357 1538 2485 1589 sqq.):

165 1612 290 1657 γενοῖτο
308 1609 338 1644 δ’
366 1602 401 1644 εὖ
426 1620 512 1648 πως·
539 1608 623 1642 πιῐσι
640 1605 708 1655 γὰρ
725 1606 834 1644 κοινὸν
850 1605 999 1649 τόδε,-
1015 1607 1082 1656 ἰδίᾳ
1098 1606 1259 1657 &Eudo-tq»
1285 1609 1338 1644 καὶ
1365 1607 1464 1650 πόλει,
1497 1608 1554 1644 τὸν
1582 1611 1639 1655 μὲν
1665 1607 1943 1644 κακὸν-κακόν
1968 1623 1996 1644 τι
2024 1605 2170 1653 πάσχειν,
2196 1606 2251 1643 τὸν
2278 1608 2311 1643 δὲ
2334 1606 2477 1655 χρηστὸν

167 1677 318 1719 εὐτυχεῖν,
352 1675 531 1714 Troades
562 1676 614 1713 ad
649 1676 750 1714 hanc
785 1675 1021 1714 sent-entiam
1058 1687 1101 1713 se
1135 1676 1377 1726 applicantes
1411 1670 1619 1715 ostendere
1660 1680 1789 1727 putat,
1825 1688 1869 1713 se
1900 1675 2061 1713 minime
2093 1675 2216 1714 fuisse
2248 1675 2359 1725 κακάς,
2387 1680 2485 1713 atta-

166 1755 256 1783 men
291 1742 543 1784 nihilominus
578 1743 692 1784 malis
729 1743 907 1795 opprimi.
965 1743 1017 1782 At
1043 1743 1083 1783 in
1116 1742 1374 1794 descriptione
1412 1743 1481 1783 illa
1515 1744 1758 1791 securitatis,
1795 1757 1875 1794 qua
1907 1742 2123 1794 implicitae
2159 1742 2337 1782 Troades
2370 1743 2483 1782 malis

165 1810 383 1864 repentinis
411 1823 623 1864 oppressae
650 1815 752 1863 sunt,
780 1811 889 1853 nulla
916 1811 1150 1864 significatio
1172 1811 1391 1860 χρηστότητος
1417 1811 1481 1852 vel
1515 1811 1763 1853 innocentiae
1794 1815 1970 1864 apparet.
2025 1810 2111 1852 Etsi
2139 1810 2386 1852 verissimum
2414 1815 2485 1861 est,

166 1879 273 1932 quod
300 1878 505 1931 Pflugkius
534 1879 607 1934 (ad
624 1880 721 1920 Hec.
739 1892 779 1920 V.
794 1879 905 1935 905.)
932 1879 1008 1921 hoe
1034 1880 1233 1921 stasimum
1250 1871 1465 1919 defendens
1493 1879 1598 1931 dicit,
1619 1892 1777 1919 carmen
1794 1867 1966 1920 maxime
1993 1879 2179 1920 idoneum
2205 1890 2295 1920 esse
2313 1879 2366 1919 ad
2385 1891 2486 1920 com—

165 1948 380 1989 movendos
416 1947 666 1989 miseratione
698 1952 963 2001 spectatorum
995 1949 1147 1989 animos
1179 1960 1302 1998 eaque
1334 1960 1384 1987 ex
1416 1961 1537 1989 causa
1570 1947 1798 2000 Euripidem
1830 1948 2023 1989 laetitiam
2061 1952 2180 1998 atque
2222 1948 2485 1999 securitatem,

166 2029 270 2068 quae
297 2015 464 2056 miserae
491 2015 549 2056 illi
568 2016 671 2057 cladi
688 2016 1005 2067 antecessissent,
1034 2016 1269 2068 depinxisse,
1296 2019 1426 2055 tamen
1444 2016 1581 2067 negari
1599 2015 1749 2066 nequit,
1768 2016 1965 2056 canticum
1985 2016 2131 2056 nullam
2155 2015 2319 2055 aetionis
2337 2015 2486 2056 habere

168 2088 338 2136 partem,
376 2083 419 2124 id
453 2084 559 2136 quod
592 2084 797 2137 Pflugkius
832 2084 920 2137 ipse
954 2084 1016 2138 (in
1048 2084 1172 2137 praef.
1186 2098 1224 2137 p.
1238 2083 1487 2137 XXXVIII.)
1523 2084 1573 2123 de
1606 2083 1831 2135 Euripideis
1864 2083 2034 2124 chor-icis
2065 2083 2259 2123 universis
2292 2083 2486 2123 coneedit.

167 2152 329 2194 Nullum
367 2152 487 2205 igitur
521 2156 679 2195 nostrae
706 2153 865 2195 fabulae
893 2153 1088 2195 canticum
1113 2156 1268 2206 praeter
1292 2164 1408 2193 unam
1433 2151 1625 2204 paredum
1652 2151 1693 2192 in
1719 2151 1874 2193 actione
1902 2151 2073 2204 positum
2100 2155 2173 2193 est.
2227 2151 2288 2193 Ea
2314 2164 2487 2205 quoque,

168 2233 270 2271 quae
298 2221 439 2261 chorus
466 2225 578 2261 extra
610 2222 766 2261 cantica
791 2222 978 2262 trimetris
1010 2222 1249 2273 pronunciat,
1281 2233 1357 2260 non
1387 2232 1543 2272 semper
1569 2233 1657 2260 cum
1683 2232 1725 2259 re
1743 2217 1860 2270 gesta
1883 2219 2109 2270 gerendave
2128 2220 2351 2270 cohaerent,
2380 2221 2489 2270 quod

167 2288 345 2329 Troades
376 2302 505 2340 neque
536 2289 689 2341 „amice
717 2289 996 2330 consiliantuff‘
1032 2289 1236 2340 Hecubae,
1263 2301 1389 2339 neque
1417 2293 1627 2341 precantur
1654 2287 1763 2338 deos,
1793 2292 1835 2327 ut
1860 2288 1956 2327 ultio
1991 2288 2095 2328 bene
2126 2287 2328 2339 succedat,
2356 2300 2488 2340 neque

167 2358 247 2398 alia
281 2361 420 2409 agunt,
454 2371 555 2409 quae
587 2358 774 2399 Horatius
808 2371 896 2399 eum
929 2358 1089 2399 Aristot.
1117 2358 1259 2410 optime
1292 2358 1539 2398 consentiens
1564 2357 1797 2409 praescribit
1825 2356 1907 2409 (ep.
1926 2356 1979 2396 ad
1992 2356 2075 2396 Pis.
2093 2357 2180 2396 193.
2200 2356 2323 2410 sqq.)‚
2351 2371 2490 2398 verum

166 2426 329 2478 reginae
365 2426 480 2467 malis
516 2425 694 2467 intexunt
730 2439 814 2468 sua.
869 2425 974 2476 Quin
1010 2426 1129 2467 etiam
1163 2425 1268 2466 haud
1306 2425 1388 2466 scio
1424 2438 1475 2465 an
1516 2425 1656 2466 chorus
1691 2424 1969 2477 Polymestori,
2005 2423 2154 2464 homini
2191 2425 2489 2477 scelestissimo,

168 2498 329 2534 caecato
363 2494 524 2534 nimiam
556 2494 703 2535 tribuat
729 2495 1040 2546 miserationem,
1070 2495 1202 2535 dicens
1234 2493 1317 2547 (vv.
1334 2494 1445 2533 1076.
1460 2493 1583 2545 sqq.):
1611 2490 1636 2530 ὦ
1663 2496 1793 2541 τλῆμον,
1819 2494 1861 2536 ὣς
1882 2510 1935 2531 σοι
1949 2492 2077 2541 &wod
2109 2497 2280 2542 εἴργασται
2306 2494 2411 2531 κακά·
2438 2518 2490 2522 -

166 2562 325 2611 δράσαντι
352 2565 381 2599 δ’
409 2563 529 2611 αἰσχρὰ
557 2563 643 2600 δεινὰ
670 2564 837 2611 τάπιτίμια
864 2588 917 2592 -
943 2567 1064 2611 δαίμων
1092 2565 1210 2606 ἔδωκεν,
1234 2563 1319 2604 ὅστις
1345 2566 1413 2600 ἐστι’
1438 2579 1490 2600 σοι
1507 2562 1620 2610 βαρύς.
1665 2562 1780 2609 Quod
1798 2563 2049 2602 Hermannus
2068 2561 2205 2601 ultimo
2223 2574 2343 2602 versu
2361 2562 2492 2603 deleto

167 2629 303 2680 aliqua
339 2642 389 2669 ex
421 2634 534 2682 parte
568 2630 774 2678 imminuit.
833 2631 1053 2672 Generales
1086 2630 1193 2672 chori
1220 2629 1436 2670 sententiae
1462 2631 1691 2682 plerumque
1720 2643 1770 2670 ex
1799 2629 2056 2681 orationibus,
2086 2629 2231 2680 quibus
2258 2630 2491 2681 subJunctae

166 2701 274 2750 sunt,
306 2697 447 2750 fluunt,
483 2701 640 2750 praeter
666 2711 802 2751 unam,
838 2713 942 2752 quae
975 2700 1108 2741 aliena
1133 2698 1287 2739 videtur
1318 2697 1401 2751 (VV.
1416 2698 1671 2750 840—843).
1726 2697 1914 2738 Nondum
1942 2698 2049 2738 enim
2076 2711 2206 2749 neque
2233 2698 2337 2738 dixit
2363 2712 2492 2750 neque

168 2765 263 2807 fecit
291 2765 502 2818 quidquam
529 2766 680 2818 Agam.,
706 2780 756 2807 ex
775 2780 853 2819 quo
872 2773 1075 2821 appareat,
1104 2781 1191 2809 eum
1209 2767 1396 2807 Hecubae
1413 2765 1601 2806 ultionem
1629 2766 1869 2818 adjuturum,
1897 2767 2016 2807 immo
2036 2766 2154 2807 etiam
2172 2779 2209 2807 v,
2238 2768 2326 2808 806.
2354 2768 2492 2819 regina

169 2848 220 2875 ex
248 2838 334 2887 ejus
361 2827 477 2886 gestu
504 2835 738 2875 contrarium
772 2837 931 2889 colligit.
992 2838 1188 2889 Longiora
1215 2835 1411 2885 colloquia
1438 2835 1688 2888 (σπιχομυθὶαι)
1716 2836 1819 2876 inter
1847 2836 2008 2876 chorum
2036 2840 2077 2875 et
2104 2840 2259 2875 actores
2292 2836 2333 2875 in
2360 2842 2492 2876 nostra

169 2904 305 2945 fabula
330 2917 410 2946 non
434 2903 696 2945 inveniuntur.

356 2972 448 3013 Jam
481 2984 530 3013 ea
563 2984 664 3023 quae
700 2972 751 3013 de
784 2977 920 3016 nostra
953 2974 1089 3016 fabula
1120 2974 1305 3014 hactenus
1338 2971 1446 3012 dicta
1473 2975 1563 3012 sunt
1571 3003 1582 3024 ,
1616 2972 1756 3025 paucis
1786 2974 2091 3027 complectentes
2118 2973 2158 3013 in
2186 2972 2287 3013 hane
2314 2973 2492 3015 ducimur

169 3040 416 3082 sententiam.
470 3042 635 3082 Hecuba
653 3042 872 3095 Euripidea
896 3056 1033 3096 parum
1060 3042 1250 3084 satisfacit
1276 3042 1415 3082 artium
1433 3042 1660 3094 praeceptis
1688 3043 1740 3082 ab
1758 3044 1917 3085 Aristot.
1947 3042 2062 3093 datis,
2092 3055 2211 3093 quum
2235 3042 2275 3080 in
2294 3054 2344 3082 ea
2369 3044 2490 3084 multo

169 3109 283 3161 plura
317 3109 457 3160 insint,
492 3121 594 3160 quae
632 3122 682 3149 ex
709 3115 840 3152 mente
873 3112 977 3152 illius
1005 3111 1283 3164 vituperentur,
1313 3121 1432 3159 quam
1459 3122 1561 3160 quac
1589 3109 1812 3150 laudentur.
1872 3110 2045 3150 Primum
2073 3110 2176 3150 enim
2203 3109 2333 3150 unitas
2371 3115 2491 3162 atque

169 3176 392 3229 integritas,
440 3191 542 3229 quae
579 3182 641 3219 est
681 3192 834 3221 summa
873 3180 1057 3229 actionis,
1102 3178 1256 3220 omnino
1289 3178 1470 3229 neglecta
1496 3183 1575 3229 cst,
1614 3192 1732 3229 quum
1768 3180 1904 3220 fabula
1937 3179 2154 3230 composita
2181 3177 2232 3218 sit
2259 3191 2309 3217 ex
2338 3178 2492 3226 duabus¹

1753 3249 1757 3252 .
2243 3240 2284 3273 3*
