2634 3430
1309 116 1359 189 50

160 247 201 284 ct
222 242 311 296 ipse
333 252 458 282 novas
483 252 640 293 quoque
663 241 829 294 fingens,
855 239 1064 282 dummodo
1092 240 1168 282 sint
1191 241 1433 293 probabiles.
1479 241 1658 283 Actionis
1678 241 1866 283 unitatem
1887 242 2072 284 Sul'zerus
2080 241 2114 296 ²)
2133 241 2296 294 pulchro
2315 241 2483 283 illustrat

159 309 354 362 exemplo.
398 309 515 351 Effici
541 311 648 351 enim
675 310 773 350 dicit
795 310 903 349 illam
921 310 1088 361 partium
1115 311 1387 361 conjunctione
1407 322 1467 360 ea,
1497 321 1599 360 quae
1618 323 1689 350 nos
1708 310 1910 362 impediat,
1939 309 2149 361 quominus
2182 321 2298 350 unam
2331 316 2483 363 partem

159 382 341 431 putemus
372 382 495 419 totum
514 378 716 429 quiddam.
769 377 978 417 Permultis
1006 389 1041 417 e.
1077 390 1114 428 g.
1141 378 1249 418 vasis
1273 379 1315 418 in
1340 391 1420 418 una
1446 378 1583 417 tabula
1611 378 1812 419 collocatis
1839 392 1918 419 non
1946 379 2107 419 formari
2134 378 2335 429 unitatem,
2364 391 2482 429 quum

160 447 328 497 quodvis
360 459 495 487 eorum
527 447 654 486 solum
685 450 811 485 totum
844 444 1033 494 quiddam
1075 445 1238 497 efficiat3
1271 445 1465 497 horologii
1498 459 1593 485 vero
1620 447 1766 486 rotulas
1795 451 2028 497 ceterasque
2056 446 2274 499 particulas
2300 446 2356 486 ita
2382 447 2485 486 inter

160 527 204 556 se
236 517 395 567 ,iunctas
436 528 536 565 esse,
573 518 616 554 ut
648 513 814 564 quaevis
846 513 1071 554 necessaria
1102 513 1259 564 quidem
1291 514 1410 554 totius
1442 527 1536 566 pars
1573 514 1635 564 sit,
1674 515 1759 554 sola
1790 520 1922 555 autem
1948 520 2072 556 totum
2105 514 2297 565 quiddam
2325 514 2483 554 efficere

160 595 238 624 non
264 583 409 636 possit3
436 582 570 633 itaque
589 582 769 622 omnibus
795 580 899 621 inter
924 593 967 622 se
983 581 1127 633 junctis
1154 581 1311 622 formari
1337 582 1541 623 unitatem.
1588 581 1761 622 Causam
1788 582 1946 624 unitatis
1964 583 2133 635 positam
2161 595 2250 624 esse
2278 582 2320 622 in
2347 587 2483 622 natura

160 651 218 691 rei
251 651 436 702 cujusvis,
470 662 601 700 quum,
636 650 671 689 si
706 650 789 689 ulla
811 661 904 700 pars
931 649 1047 698 absit,
1075 653 1158 689 tota
1182 654 1321 689 natura
1347 651 1584 690 immutetur.
1637 649 1773 688 Liceat
1800 650 1838 688 h.
1863 651 1889 688 l.
1917 651 2070 701 Solgeri
2078 652 2113 705 ³)
2141 663 2296 701 quoque
2330 651 2383 690 de
2411 651 2484 689 hac

160 731 203 760 re
225 717 419 771 judicium
435 717 575 770 paucis
603 717 758 758 afferre.
805 716 882 765 Qui
908 729 1045 757 omnes
1071 729 1135 758 res
1153 716 1330 760 fortuitas
1357 717 1683 767 adventiciasque
1710 718 1763 758 ab
1781 723 1866 758 arte
1893 719 2046 769 tragica
2062 732 2270 759 removens
2288 720 2484 759 actionem

157 786 199 826 in
227 786 410 826 continua
433 776 480 825 ¹et
510 784 735 825 necessaria
766 796 973 825 causarum
1007 788 1046 825 et
1078 785 1282 826 effectuum
1315 786 1417 827 serie
1444 784 1661 837 procedere
1690 786 1790 836 vult3
1819 786 1913 836 quin
1945 786 2064 826 etiam
2086 786 2252 838 primum
2278 786 2433 826 initium
2462 798 2485 825 e

161 867 257 895 casu
289 853 354 893 vel
387 866 409 893 e
442 854 525 894 solo
560 853 726 893 hominis
763 853 925 893 consilio
958 852 1079 892 fluere
1111 858 1248 893 vetans
1286 855 1493 905 praecipit,
1533 858 1577 892 ut
1608 854 1782 893 humana
1820 856 2002 894 voluntas
2034 860 2074 893 ct
2110 855 2279 905 impetus
2312 855 2487 905 desuper

159 922 328 974 injectus
363 921 403 962 in
441 921 554 962 initio
588 921 643 962 ita
676 921 1011 971 commisceantur,
1046 925 1089 961 ut
1118 920 1283 962 discerni
1311 937 1390 962 non
1417 921 1583 973 possint.
1641 920 1949 962 Concedendum
1977 922 2136 972 quidem
2165 928 2238 971 est,
2265 923 2307 961 id
2332 924 2484 962 initium

159 1002 287 1042 neque
302 1001 523 1042 repugnare
535 989 797 1030 Aristoteleae
811 988 910 1029 initii
923 988 1151 1040 definitioni,
1168 993 1206 1030 et
1223 990 1382 1031 multum
1394 987 1698 1042 pulchritudinis
1711 989 1882 1031 tribuere
1898 989 2144 1042 tragoediae3
2164 989 2236 1030 sed
2254 989 2485 1031 deducimur

161 1071 210 1098 ea
248 1071 291 1098 re
332 1058 385 1097 ad
425 1059 714 1098 contentionem
748 1058 857 1097 illam
889 1057 1137 1097 necessitatis
1179 1063 1217 1097 et
1249 1059 1456 1108 libertatis,
1497 1070 1574 1107 qua
1607 1070 1762 1096 omnem
1795 1059 1993 1098 actionem
2027 1059 2256 1110 tragoediae
2293 1058 2481 1098 contineri

159 1127 336 1168 nonnulli
364 1127 438 1168 viri
466 1126 584 1167 doctt.
613 1126 767 1176 docent,
796 1127 1173 1176 cujus‘mentionem
1199 1128 1293 1177 phil.
1320 1128 1416 1166 facit
1442 1127 1602 1165 nullam.
1652 1127 1804 1166 Summi
1832 1141 1926 1167 vero
1946 1128 2083 1177 critici,
2112 1128 2293 1178 quamvis
2311 1128 2412 1165 inter
2440 1138 2484 1166 se

161 1195 409 1237 consentiant
440 1194 491 1237 de
523 1198 665 1236 natura
695 1193 800 1235 illius
828 1193 1000 1246 unitatis,
1028 1198 1161 1235 tamen
1187 1194 1426 1246 singularum
1459 1195 1681 1237 fabularum
1710 1195 1888 1237 actiones
1915 1195 1994 1237 illis
2022 1195 2248 1247 praeceptis
2275 1195 2485 1236 metientes

160 1263 277 1303 valde
304 1264 406 1302 inter
432 1275 475 1303 se
503 1262 750 1312 dissentiunt,
778 1262 819 1300 id
847 1261 953 1312 quod
980 1262 1085 1301 infra
1111 1274 1342 1314 cognoscere
1370 1263 1516 1303 licebit.

349 1332 575 1382 Tragoedia
606 1335 648 1370 ut
679 1336 825 1371 metum
860 1335 898 1370 ct
930 1330 1220 1370 miserationem
1253 1337 1515 1382 spectatorum
1546 1346 1703 1372 movere
1737 1333 1875 1385 possit,
1903 1338 2203 1385 repraesentare
2232 1332 2353 1372 debet
2380 1333 2486 1371 mala

160 1413 300 1451 resque
318 1400 521 1440 adversas.
566 1401 619 1439 At
645 1400 731 1440 sola
748 1400 848 1440 haec
873 1413 952 1439 non
978 1398 1178 1439 sufficiunt
1203 1400 1435 1451 philosopho
1455 1400 1508 1440 ad
1525 1401 1807 1451 perficiendam
1830 1401 2093 1451 tragoediam3
2120 1413 2224 1450 nam,
2243 1406 2285 1439 ut
2304 1413 2354 1439 ex
2374 1402 2485 1439 Poet.

161 1467 249 1508 VII.
269 1469 330 1508 12.
358 1472 535 1519 apparet,
562 1467 604 1507 in
629 1466 734 1507 omni
752 1467 959 1517 tragoedia
977 1479 1064 1523 esse
1083 1466 1165 1505 vult
1183 1466 1357 1506 fortunae
1377 1468 1718 1507 commutationem
1747 1467 1975 1519 (μετάβασιν),
1999 1473 2067 1507 aut
2085 1481 2213 1507 rerum
2227 1468 2484 1507 adversarum

159 1535 200 1573 in
226 1534 421 1574 secundas
439 1538 507 1573 aut
531 1533 792 1574 secundarum
819 1533 860 1573 in
887 1532 1088 1573 adversas.
1133 1532 1255 1585 CuJus
1283 1533 1595 1575 commutationis
1613 1535 1746 1576 varios
1774 1534 1957 1588 proponit
1979 1534 2117 1576 modos
2137 1535 2267 1589 (Poet.
2287 1535 2402 1576 XIII.
2421 1534 2482 1575 12.

161 1604 278 1655 sqq),
318 1616 341 1643 e
373 1603 518 1652 quibus
555 1608 636 1642 tres
673 1604 790 1653 plane
829 1603 1039 1653 vituperat.
1094 1603 1280 1651 Primum,
1319 1615 1434 1651 quem
1473 1616 1561 1642 esse
1601 1605 1696 1653 vult,
1737 1604 1770 1642 si
1809 1604 1869 1642 vir
1903 1606 2037 1654 justus
2078 1617 2099 1642 e
2140 1604 2326 1642 secundis
2365 1604 2483 1642 rebus

161 1670 393 1724 conjiciatur
425 1670 466 1712 in
498 1670 701 1722 adversas,
735 1669 942 1723 improbat,
978 1670 1084 1722 quod
1118 1669 1159 1711 id
1186 1683 1258 1711 nec
1283 1670 1548 1712 miserandum
1575 1686 1649 1712 nec
1676 1671 1938 1721 metuendum,
1968 1672 2040 1713 sed
2066 1678 2206 1713 tetrum
2235 1672 2390 1724 (μιαρόν)
2418 1672 2482 1712 sit.

160 1740 302 1790 Neque
328 1739 458 1780 minus
494 1740 690 1792 improbat
722 1739 888 1779 alterum
914 1738 1084 1790 modum,
1121 1738 1155 1779 si
1182 1739 1295 1778 homo
1321 1738 1524 1791 improbus
1552 1752 1603 1780 ex
1630 1739 1808 1780 adversis
1835 1740 1953 1780 rebus
1982 1740 2194 1780 secundam
2223 1743 2485 1791 consequatur

160 1809 371 1859 fortunam,
398 1810 473 1848 hoc
502 1809 607 1848 enim
632 1808 792 1847 minime
818 1809 1010 1859 tragicum
1029 1822 1116 1848 esse
1145 1808 1250 1857 dicit,
1279 1807 1382 1857 quod
1400 1821 1528 1857 neque
1556 1809 1810 1848 humanitatis
1831 1822 1992 1848 sensum
2019 1815 2155 1860 tangat
2184 1822 2313 1860 neque
2339 1815 2485 1848 metum

160 1878 503 1918 miserationemve
535 1881 704 1917 moveat.
759 1876 1073 1928 Vituperandum
1112 1877 1267 1917 tertium
1307 1889 1461 1926 quoque
1500 1876 1661 1916 modum
1700 1882 1824 1928 putat,
1864 1878 1906 1916 in
1940 1890 2018 1927 quo
2051 1878 2167 1917 homo
2201 1878 2406 1929 improbus
2439 1889 2488 1916 ex

160 1945 335 1987 secunda
360 1945 518 1986 fortuna
544 1944 690 1985 incidat
718 1944 761 1985 in
787 1944 1013 1996 adversam3
1042 1958 1133 1985 nam
1159 1945 1233 1985 hoc
1253 1943 1503 1984 humanitatis
1538 1943 1698 1994 quidem
1726 1957 1885 1985 sensum
1904 1949 2067 1995 tangere
2094 1959 2222 1996 posse,
2252 1958 2389 1985 verum
2416 1958 2491 1984 nec

160 2018 307 2054 metum
333 2025 407 2054 nec
432 2013 727 2054 miserationem
753 2024 924 2064 movere,
954 2012 1059 2064 quod
1086 2012 1153 2053 ille
1190 2011 1241 2053 ad
1269 2011 1434 2053 similem
1461 2011 1598 2063 nostri,
1627 2012 1728 2054 haec
1754 2013 1808 2054 ad
1835 2012 2071 2054 immeritum
2099 2013 2298 2065 quendam
2327 2018 2493 2066 spectet.

160 2083 281 2121 Recte
310 2082 470 2131 quidem
497 2082 745 2120 Hermannus
773 2082 881 2130 dicit,
909 2082 1187 2132 philosophum
1214 2093 1330 2120 unum
1356 2080 1514 2119 modum
1533 2081 1692 2120 omnino
1712 2082 1905 2131 omisisse,
1934 2082 2001 2132 qui
2022 2082 2084 2131 sit,
2115 2082 2150 2121 si
2177 2082 2239 2120 vir
2266 2082 2415 2132 probus
2444 2093 2494 2120 ex

159 2148 338 2190 adversis
372 2149 491 2189 rebus
526 2148 740 2189 secundam
773 2154 1034 2198 consequatur
1069 2149 1275 2189 fortunam.
1330 2148 1453 2195 Quem
1488 2149 1647 2188 modum
1682 2149 1831 2199 pariter
1857 2150 1909 2187 ab
1937 2149 2005 2188 illo
2034 2150 2298 2199 improbatum
2327 2162 2494 2198 eamque

159 2216 211 2258 ob
238 2229 320 2258 rem
353 2215 470 2270 plane
503 2215 726 2269 neglectum
759 2230 858 2268 esse,
895 2216 1167 2269 cognoscimus
1199 2231 1248 2259 ex
1274 2216 1333 2267 iis,
1363 2229 1463 2267 quae
1489 2216 1608 2267 paulo
1637 2216 1741 2257 infra
1769 2216 1899 2269 (Poet.
1928 2217 2042 2257 XIII.
2059 2217 2118 2270 (ἰ.)
2146 2218 2331 2268 legimus:
2359 2217 2488 2265 ἀνάγκη

158 2286 215 2322 τὸν
241 2288 344 2327 καλῶς
372 2284 487 2330 ἔχοντα
503 2288 617 2332 μῦθον
640 2284 853 2333 μεταβάλλειν
882 2285 940 2321 οὒκ
973 2286 1017 2327 εἰς
1043 2285 1189 2331 εὒῐυχίαν
1214 2290 1247 2322 ἐκ
1272 2286 1445 2329 ὒυςῐυχίας,
1473 2284 1556 2320 ἀλλὰ
1573 2283 1759 2321 τούναντίον
1777 2288 1808 2326 ἐξ
1838 2282 1984 2330 εὐτυχίας
2010 2284 2054 2327 εἰς
2080 2286 2265 2331 δυστυχίαν.
2311 2283 2484 2325 Felicem

158 2355 278 2405 igitur
310 2353 459 2393 exitum
493 2353 589 2404 phil.
617 2366 776 2404 prorsus
804 2366 829 2393 a
856 2354 1063 2403 tragoedia
1087 2358 1260 2394 removet
1295 2358 1332 2392 et
1360 2352 1413 2391 ad
1445 2352 1692 2391 comoediam
1728 2352 1865 2402 rejicit.
1922 2353 2063 2403 Neque
2092 2354 2212 2393 aliam
2240 2354 2292 2392 ob
2324 2366 2485 2393 causam

158 2420 387 2474 Euripidem
421 2422 669 2471 τραγικώτατον,
705 2421 875 2463 maxime
908 2422 1100 2473 tragicum
1128 2422 1228 2462 inter
1259 2425 1394 2473 poetas
1428 2419 1534 2469 dic-it,
1570 2419 1646 2460 nisi
1681 2420 1786 2470 quod
1819 2421 1882 2460 hic
1909 2421 1949 2461 in
1976 2422 2156 2473 plurimis
2183 2421 2400 2472 tragoediis
2428 2422 2484 2461 illi

156 2495 368 2541 praecepto
384 2489 530 2540 optime
550 2489 757 2529 satisfacit.
805 2490 931 2541 Cujus
949 2489 1077 2530 laudis
1105 2489 1184 2529 vim
1212 2501 1261 2528 ne
1289 2487 1373 2538 quis
1387 2488 1496 2538 justo
1518 2487 1633 2527 latius
1652 2492 1787 2539 patere
1814 2488 1922 2540 velit,
1941 2489 2030 2541 ipse
2059 2488 2304 2529 circumcidit
2331 2489 2486 2530 dicens:

158 2560 185 2595 εἰ
211 2561 268 2596 καὶ
295 2558 335 2594 τὰ
364 2556 444 2594 ἄλλα
471 2557 514 2604 μὴ
543 2552 577 2593 εὖ
603 2559 774 2605 οἰκονομεῖ.
819 2558 927 2598 Cave
955 2571 1048 2598 vero
1076 2559 1198 2598 verba,
1223 2558 1263 2593 τὰ
1289 2556 1368 2593 ἄλλα
1386 2556 1601 2596 transferas
1628 2558 1749 2597 verbo
1768 2561 1865 2608 alia,
1891 2558 1934 2597 id
1961 2558 2069 2609 quod
2087 2558 2236 2610 placuit
2267 2559 2484 2610 Hartungo,

158 2626 269 2679 qui⁴)
304 2626 370 2679 (E.
392 2637 421 2664 r.
442 2626 492 2664 II.
512 2638 551 2676 p.
571 2626 668 2677 369)
709 2626 787 2666 illis
833 2627 964 2667 verbis
1003 2627 1199 2667 orationes
1241 2630 1389 2665 tantum
1433 2628 1472 2663 et
1516 2625 1797 2664 sententiarum
1840 2626 2126 2666 abundantiam
2178 2640 2204 2665 a
2249 2627 2483 2677 philosopho

156 2693 371 2746 vituperari
390 2692 555 2744 judicat.
602 2693 654 2733 At
679 2694 875 2743 quomodo
898 2694 939 2734 id
965 2694 1183 2734 consentiat
1201 2706 1287 2733 cum
1305 2692 1392 2732 aliis
1411 2692 1506 2731 artis
1530 2692 1711 2743 poeticae
1731 2693 1840 2742 locis,
1860 2693 2005 2744 quibus
2023 2694 2142 2734 Arist.
2162 2694 2483 2745 compositionem

156 2762 457 2814 Euripidearum
475 2761 695 2801 fabularum
714 2762 924 2813 perspicue
938 2762 1144 2814 vituperat,
1154 2767 1196 2802 ut
1213 2761 1300 2801 XV.
1317 2761 1350 2810 7,
1364 2760 1514 2800 XVIII.
1526 2760 1604 2799 21?
1623 2760 1820 2812 Optimam
1834 2775 1928 2803 vero
1947 2762 2128 2802 fortunae
2143 2762 2480 2802 commutationem

154 2831 248 2883 phil.
276 2831 371 2871 dicit
396 2844 495 2880 eam,
524 2830 565 2869 in
589 2843 667 2881 qua
692 2830 820 2881 homo,
853 2831 919 2881 qui
944 2844 1023 2871 non
1050 2831 1217 2871 excellat
1235 2830 1375 2869 virtute
1403 2830 1466 2869 vel
1489 2830 1656 2880 justitia,
1684 2842 1820 2870 verum
1839 2831 2071 2871 auctoritate
2100 2836 2138 2871 et
2158 2832 2275 2872 rebus
2295 2830 2480 2871 secundis

154 2899 302 2948 floreat,
330 2900 370 2939 in
397 2899 502 2939 mala
527 2898 675 2939 incidat
699 2898 819 2949 idque
847 2913 925 2939 non
951 2912 1023 2950 per
1047 2899 1233 2939 malitiam
1260 2897 1321 2937 vel
1348 2897 1642 2948 turpitudinem,
1672 2898 1744 2938 sed
1770 2912 1842 2950 per
1865 2900 2079 2940 humanum
2105 2900 2277 2949 aliquem
2297 2911 2480 2938 errorem.

342 3071 372 3109 ²)
407 3072 439 3103 in
461 3071 549 3112 libro,
573 3072 624 3112 qui
647 3071 842 3106 inscribitur:
871 3070 1057 3114 augemeine
1079 3070 1206 3112 §theone
1228 3071 1279 3104 bet
1299 3069 1419 3112 {utinen
1441 3070 1569 3113 Ωἰὶιιῖτες
1593 3072 1624 3106 in
1647 3080 1739 3106 voce:
1764 3071 1897 3112 &iubat

344 3125 370 3158 ³)
405 3125 437 3156 ln
460 3126 725 3157 commentatione
748 3126 787 3157 de
812 3127 966 3163 Sophocle
989 3129 1020 3158 et
1042 3128 1150 3157 vetere
1172 3125 1333 3163 tragoedia
1355 3126 1482 3162 scripta.
1527 3125 1769 3165 (macbgdaffene
1792 3126 1948 3164 &dyriften
1971 3126 2033 3158 ffib.
2056 3128 2100 3164 ΙΙ).

344 3176 373 3214 ⁴)
396 3176 547 3217 Hanungi
569 3176 730 3218 Euripides
752 3177 914 3210 restitutus
938 3185 961 3210 s.
985 3176 1172 3218 scriptorum
1196 3175 1346 3217 Euripidis
1369 3175 1548 3220 ingeniique
1572 3186 1717 3212 censura.
2232 3203 2268 3234 ι*
