2634 3430
785 974 910 1048 DE
952 973 1429 1048 EURIPIDIS
1471 972 1848 1047 EEGUBA

502 1112 632 1191 quid
669 1110 967 1171 secundum
1006 1108 1297 1169 Aristotelis
1333 1114 1609 1186 pmccpta
1645 1109 1992 1170 statuendum
2029 1111 2113 1170 sit.

1072 1259 1236 1311 Scripsit
1261 1260 1377 1301 Julius
1404 1260 1558 1302 [Mller.

1191 1416 1431 1426 -vvvvvvvwvu-:s

342 1550 588 1629 Permagna
619 1584 678 1617 est
712 1578 762 1616 de
789 1577 974 1628 Euripide
1007 1576 1197 1615 dissensio
1228 1575 1327 1613 inter
1355 1576 1594 1615 recentiores
1627 1576 1801 1625 criticos;
1830 1587 1994 1625 quorum
2024 1577 2178 1628 plurimi
2209 1578 2408 1629 Aeschylo
2440 1582 2477 1617 et

157 1649 352 1702 Sophocle
377 1647 499 1688 multo
522 1645 745 1687 inferiorem
776 1657 866 1685 eum
892 1656 979 1685 esse
999 1647 1150 1697 putant,
1172 1655 1250 1694 qua
1270 1655 1312 1683 re
1337 1642 1521 1683 concitati
1549 1642 1616 1683 alii
1635 1656 1715 1684 non
1731 1643 1827 1684 satis
1846 1643 1995 1685 habent
2016 1659 2106 1686 eum
2133 1659 2316 1699 purgare,
2342 1658 2478 1686 verum

157 1718 311 1759 duobus
328 1716 406 1758 illis
424 1716 540 1767 longe
556 1727 644 1755 eum
663 1718 918 1766 anteponunt.
959 1713 1066 1753 Inter
1079 1723 1211 1752 omnes
1225 1710 1382 1762 quidem
1401 1715 1566 1763 constat,
1586 1710 1815 1764 Euripidem
1828 1712 1880 1752 ab
1894 1725 1942 1753 eo
1956 1713 2183 1766 tragOediae
2198 1714 2346 1766 habitu,
2361 1727 2478 1766 quem

157 1786 379 1839 Aeschylus
407 1788 445 1825 et
472 1783 687 1835 Sophocles
714 1782 979 1833 tradidissent,
1007 1781 1224 1833 digressum
1251 1793 1353 1830 esse3
1382 1781 1584 1830 quaeritur
1601 1786 1746 1831 autem,
1774 1781 2026 1822 melioremne
2049 1783 2090 1822 in
2116 1788 2269 1835 partem
2294 1783 2403 1823 facta
2428 1783 2477 1824 sit

157 1856 257 1895 haec
289 1853 451 1893 mutatio
479 1865 531 1892 an
559 1852 600 1891 in
625 1853 817 1903 pejorem3
851 1850 956 1890 unde
985 1853 1070 1890 orta
1096 1852 1155 1889 est
1182 1847 1401 1888 criticorum
1427 1847 1638 1889 dissensio.
1693 1848 1859 1889 Veteres
1886 1848 1937 1889 de
1965 1850 2040 1890 hac
2066 1863 2110 1891 re
2137 1851 2194 1891 ita
2219 1851 2478 1902 consentiunt,

157 1929 200 1965 ut
217 1922 479 1976 principatum
499 1919 659 1971 quidem
677 1918 860 1960 deferant
873 1917 1073 1969 Aeschylo
1092 1921 1131 1957 et
1148 1915 1344 1967 Sophocli,
1358 1915 1518 1956 tertium
1536 1922 1670 1956 autem
1687 1917 1816 1956 locum
1833 1917 1981 1957 nemini
1998 1919 2173 1958 tribuant
2190 1920 2267 1959 nisi
2286 1920 2479 1971 Euripidi.

158 1990 395 2042 Aequalium
423 2000 592 2039 quoque,
625 1987 693 2038 qui
727 1999 777 2027 ex
810 1998 913 2026 nova
946 1984 1174 2037 tragoediae
1209 1982 1484 2024 constitutione
1517 1983 1731 2025 maximam
1764 1984 2067 2027 oblectationem
2094 1993 2281 2039 ceperunt
2310 1987 2480 2038 ideoque

159 2059 415 2099 conniventes
441 2058 481 2096 in
509 2056 615 2096 vitiis
642 2054 836 2095 maximos
863 2058 1005 2106 poetae
1038 2052 1332 2104 impertiverunt
1358 2051 1534 2102 plausuS‚
1567 2064 1684 2092 nemo
1710 2053 1883 2104 palmam
1911 2054 1989 2095 illis
2017 2055 2171 2107 eripere
2199 2061 2238 2096 et
2267 2056 2357 2097 huic
2384 2056 2480 2096 dare

160 2132 322 2169 conatus
337 2131 408 2167 est.
443 2126 591 2165 Horum
609 2137 703 2164 vero
722 2123 942 2164 sententiae
956 2121 1117 2162 minime
1130 2119 1324 2160 fluxerunt
1338 2132 1388 2160 ex
1402 2120 1546 2160 artium
1558 2122 1800 2172 praeceptis3
1818 2122 1891 2162 sed
1905 2123 2154 2174 praepotenti
2169 2124 2481 2176 Aeschylearum

160 2200 199 2238 et
217 2193 525 2248 Sophoclearum
544 2191 768 2233 fabularum
785 2190 825 2232 vi
844 2189 915 2242 illi,
935 2202 1098 2242 quorum
1117 2187 1380 2230 voluntatibus
1399 2192 1439 2228 et
1457 2188 1600 2231 studiis
1620 2190 1832 2232 obsecutus
1859 2191 1951 2231 Eur.
1979 2205 2122 2232 novam
2147 2193 2252 2233 viam
2278 2193 2481 2244 ingressus

160 2269 256 2313 erat,
284 2263 341 2301 ita
367 2261 549 2301 commoti
568 2265 704 2310 erant,
742 2265 796 2310 ut,
836 2259 1017 2309 quamvis
1048 2258 1159 2297 novis
1191 2257 1308 2296 rebus
1341 2255 1646 2310 delectarentur,
1680 2262 1813 2299 tamen
1845 2258 1982 2300 horum
2021 2259 2284 2313 principatum
2320 2260 2480 2302 minime

160 2332 447 2372 imminuerent.
522 2330 733 2378 Quaeritur
784 2333 934 2378 autem,
982 2327 1118 2378 quanti
1168 2325 1380 2377 Euripidea
1428 2326 1637 2377 tragoedia
1681 2327 1891 2368 aestimata
1941 2327 1992 2368 sit
2037 2341 2062 2369 a
2112 2328 2258 2369 criticis
2304 2333 2482 2369 veterum

154 2400 373 2452 judicibus.
433 2399 540 2438 Inter
589 2408 687 2446 quos
742 2396 912 2447 primum
961 2395 1090 2435 locum
1140 2393 1289 2434 obtinet
1345 2392 1565 2443 meritoque
1618 2393 1840 2443 κριταώιαιος
1896 2400 2058 2435 vocatur
2116 2395 2366 2447 Aristoteles,
2413 2396 2481 2446 qui

160 2468 310 2522 primus
342 2466 494 2520 poesim
527 2470 566 2506 et
599 2464 770 2505 maxime
802 2461 1048 2515 tragoediam
1082 2461 1134 2502 ad
1166 2466 1288 2502 artem
1320 2465 1360 2501 et
1392 2460 1445 2501 ad
1476 2469 1693 2516 praecepta
1726 2464 1925 2505 revocavit
1964 2464 2006 2504 in
2033 2465 2145 2517 libro,
2180 2477 2298 2516 quem
2324 2465 2483 2518 scripsit

160 2540 234 2584 περὶ
258 2540 431 2581 ποιητικῆς.
477 2535 562 2573 Etsi
580 2534 739 2572 libellus
757 2533 824 2571 ille
852 2531 1108 2581 imperfectus
1127 2535 1166 2569 et
1191 2531 1399 2568 lacunosus
1426 2536 1501 2580 est,
1521 2534 1778 2580 quamobrem
1796 2544 1821 2570 a
1839 2532 2075 2573 doctissimis
2106 2533 2202 2573 viris
2230 2533 2484 2573 summarium

163 2602 394 2657 copiosioris
427 2600 519 2642 libri
552 2601 731 2650 habetur,
764 2604 897 2639 tamen
928 2597 1158 2650 tragoediae
1190 2603 1328 2638 natura
1361 2599 1526 2650 pulchre
1554 2612 1604 2639 ex
1638 2612 1686 2640 eo
1715 2600 1898 2650 cognosci
1931 2606 2061 2651 potest
2094 2601 2208 2650 adeo,
2240 2606 2283 2640 ut
2310 2614 2484 2641 summus

163 2676 297 2713 noster
329 2669 470 2711 artium
511 2667 758 2709 existimator
789 2671 829 2709 et
861 2665 990 2720 judex
1001 2664 1033 2720 ¹)
1066 2678 1144 2707 non
1178 2664 1330 2707 dubitet
1356 2665 1543 2719 profiteri,
1578 2666 1801 2709 certissima
1826 2672 1945 2720 atque
1973 2669 2180 2711 verissima
2207 2670 2249 2711 in
2276 2683 2324 2711 eo
2350 2670 2484 2711 inesse

162 2739 392 2790 tragoediae
425 2740 652 2788 praecepta.
708 2736 754 2773 In
788 2747 866 2785 quo
899 2734 1035 2774 libello
1070 2731 1188 2785 quum
1214 2734 1422 2786 Stagirites
1448 2734 1633 2776 laudator
1660 2734 1863 2788 Euripidis
1889 2735 2088 2778 exstitisse
2116 2736 2311 2790 videatur,
2339 2749 2484 2791 operae

163 2807 332 2859 pretium
351 2811 411 2846 est
430 2804 683 2854 investigare,
704 2808 898 2853 quatenus
916 2804 984 2842 ille
1002 2808 1121 2853 poeta
1134 2803 1175 2841 in
1194 2803 1336 2842 fabulis
1355 2803 1438 2842 suis
1458 2804 1698 2843 satisfecerit
1716 2805 1939 2856 praeceptis
1957 2818 1984 2845 a
2006 2806 2194 2858 primario
2217 2807 2484 2847 existimatore

162 2874 334 2917 traditis:
362 2887 440 2927 quo
459 2871 624 2915 consilio
643 2872 845 2924 Hecubae,
861 2884 940 2923 qua
956 2870 1067 2913 nulla
1085 2870 1384 2923 Euripidearum
1403 2853 1632 2913 fabularuni
1653 2873 1695 2913 in
1716 2873 1843 2924 magis
1867 2873 2047 2916 diversas
2065 2881 2106 2916 et
2123 2877 2251 2927 magis
2268 2876 2485 2917 contrarias

164 2943 459 2984 aestimationes
485 2941 606 2992 venit,
635 2953 842 2982 censuram
873 2952 923 2982 ex
955 2939 1036 2980 illis
1069 2940 1289 2993 praeceptis
1323 2939 1510 2993 opinione
1543 2953 1622 2982 non
1649 2941 1921 2995 praejudicata
1952 2942 2160 2986 instituere
2187 2944 2230 2985 in
2254 2944 2385 2986 animo
2412 2949 2485 2986 est.

353 3019 415 3056 Ex
441 3016 630 3068 generali,
650 3028 769 3065 quam
796 3015 915 3054 Arist.
942 3015 1072 3066 (Poet.
1100 3015 1168 3053 VI.
1185 3016 1221 3053 2.
1249 3015 1311 3054 ed.
1331 3014 1484 3066 Herm.)
1512 3015 1635 3065 ponit,
1663 3015 1892 3066 tragoediae
1910 3017 2151 3070 definitione,
2179 3017 2232 3058 ad
2257 3017 2488 3069 qualitatem

166 3086 396 3128 imitationis
429 3083 626 3139 (ποιότητα)
660 3088 845 3138 spectans
877 3087 1011 3136 partes
1044 3082 1270 3135 tragoediae
1304 3083 1406 3125 eruit
1438 3096 1522 3134 sex,
1557 3097 1661 3135 quae
1694 3089 1800 3126 sunt:
1833 3089 1946 3128 μῦθος
1972 3087 2120 3132 fabula,
2149 3087 2219 3130 ἤθη
2244 3100 2385 3137 mores,
2412 3092 2489 3129 λιέις

360 3214 384 3246 ¹)
422 3214 603 3253 Lessingius
626 3214 657 3244 in
680 3213 768 3250 libro,
790 3211 841 3250 qui
864 3211 1056 3243 inscribitur:
1089 3208 1317 3250 bumbiugiidye
1338 3208 1576 3250 Qrunmtutgin
1601 3212 1673 3249 Cap.
1701 3213 1814 3242 101—
1828 3214 1902 3243 104.

2218 3267 2231 3296 1
