2634 3430
1281 139 1340 188 20

148 266 331 316 efficitur,
359 271 403 306 ut
421 266 583 306 Aristot.
612 277 659 305 ea
686 264 737 304 ab
766 264 868 304 omni
896 262 993 303 vitio
1021 275 1148 303 vacua
1175 277 1262 304 esse
1292 263 1499 304 censuerit.
1552 263 1657 313 Quin
1676 263 1795 304 etiam
1822 267 1958 316 aperte
1985 264 2220 315 praescribit
2245 264 2399 318 philos„
2428 270 2470 307 ut

148 333 256 374 chori
294 333 448 376 cantica
482 347 561 375 non
597 332 721 374 solum
758 345 808 372 ex
842 336 1073 383 argumento
1108 333 1267 374 fabulae
1300 332 1441 383 fluant,
1475 344 1608 372 verum
1641 331 1760 372 etiam
1795 331 1848 372 ad
1882 331 2047 372 actionis
2082 335 2395 383 progressionem
2430 341 2470 375 et

146 402 457 454 implicationem
485 401 673 453 spectent.
728 399 843 448 Quod
870 399 1158 452 praescriptum
1184 400 1226 440 in
1253 400 1435 441 omnibus
1462 399 1686 452 Euripideis
1714 398 1891 450 canticis,
1927 398 2081 439 duobus
2108 400 2304 452 exceptis,
2338 402 2469 444 obser-

147 458 280 510 vatum
308 483 410 521 esse,
438 470 675 520 Hartungus,
702 472 744 508 ut
756 470 843 519 Jam
870 467 1053 518 diximus,
1082 481 1184 509 unus
1212 468 1393 509 affirmat.
1438 468 1589 509 Vellem
1607 468 1781 518 dixisset,
1809 466 1969 517 quinam
1995 470 2130 507 essent
2157 467 2215 507 illi
2242 468 2471 521 „Euripidis

148 539 438 586 criminatores,
474 535 540 587 qui
571 534 747 585 reliquos
777 536 917 576 choros
945 548 970 575 a
997 535 1207 588 Sophoclis
1238 536 1368 577 choris
1395 535 1492 576 nihil
1520 535 1678 577 differre
1707 534 2017 576 confiterentur.“
2068 534 2192 575 Immo
2221 535 2469 577 etiam‘Rau-

147 619 296 661 merus,
330 604 462 656 gravis
494 602 697 654 Euripidis
733 603 936 654 defensor,
970 604 1115 644 multos
1148 604 1266 656 hujus
1297 604 1434 644 choros
1467 604 1624 644 minime
1657 616 1743 644 cum
1779 602 1935 643 actione
1967 602 2178 644 cohaerere
2213 603 2470 657 concedit.²‘)

148 672 473 714 venustissimum
506 684 617 722 vero,
655 670 761 723 quod
794 671 908 711 Hart.
942 672 1079 725 affert,
1114 671 1321 726 Sophoclis
1356 671 1551 712 canticum
1585 671 1694 726 (Ant.
1729 671 1829 712 1115
1846 693 1899 699 -
1919 670 2035 711 1154:
2073 670 2268 720 Πολυώνυμε
2299 673 2471 720 Καδμεῖαι,-

148 745 272 790 νύμφας
298 741 429 790 ἄγαλμα
456 740 548 792 616.)
575 740 735 780 minime
763 741 933 787 ἐμβόλιμον
960 752 1063 791 esse,
1092 753 1226 782 verum
1246 725 1392 792 optime
1412 752 1499 780 cum
1525 739 1678 780 actione
1698 739 1906 780 cohaerere
1920 738 2166 791 judicamus..
2205 738 2334 780 Creon
2366 740 2470 780 enim

148 810 374 862 ingentibus
403 808 580 849 Tiresiae
615 807 732 848 minis
767 807 973 859 perculsus
1010 808 1273 860 precibusque
1307 808 1414 849 chori
1447 813 1645 860 permotus
1670 807 1780 857 abiit,
1819 811 1861 847 ut
1895 820 2014 859 quam
2047 807 2235 848 citissime
2268 808 2471 859 sepultura

148 878 323 918 afficeret
346 876 548 928 Polynicis
576 888 717 928 corpus
745 879 784 915 et
811 875 1050 926 Antigonam
1078 889 1128 916 ex
1160 888 1314 915 carcere
1340 876 1541 916 mortifero
1568 876 1762 916 liberaret.
1817 876 1918 915 Tum
1945 876 2087 916 chorus
2113 876 2326 928 Bacchum,
2353 876 2470 917 deum

148 944 298 987 Thebis
325 943 563 998 praesidem,
591 943 762 995 invocat,
790 948 833 984 ut
859 943 976 993 mala,
1006 956 1108 993 quae
1137 944 1309 984 Tiresias
1336 944 1537 985 minitatus
1564 949 1659 994 erat,
1687 957 1712 984 a
1735 944 1941 996 metropoli
1968 948 2211 984 averruncet.
2266 944 2369 992 Quid
2394 945 2471 985 hoc

146 1015 232 1054 loco
259 1012 487 1066 precatione
519 1011 650 1063 aptius
685 1023 774 1051 esse
810 1011 962 1064 potuit?
1017 1011 1135 1060 Quod
1166 1011 1339 1065 precatio
1371 1011 1461 1065 ipsa
1487 1011 1606 1065 paulo
1633 1011 1861 1053 obscuratur
1888 1010 2073 1054 fanaticis
2101 1010 2248 1054 Bacchi
2274 1010 2468 1064 laudibus,

145 1097 218 1122 nos
250 1083 450 1121 offendere
483 1094 561 1119 non
589 1085 738 1129 potest,
775 1081 810 1118 si
848 1082 1087 1129 cogitamus,
1121 1081 1294 1117 fabulam
1327 1080 1390 1118 die
1424 1081 1553 1118 eidem
1581 1081 1656 1118 deo
1683 1092 1793 1118 sacro
1822 1080 1968 1118 editam
1995 1091 2096 1119 6666.
2151 1081 2203 1118 Α1
2229 1083 2471 1120 revertamur

146 1149 198 1192 ad
232 1148 452 1191 Aristotelis
485 1146 582 1189 illud
616 1147 915 1200 praescriptum.
974 1148 1089 1196 Quod
1124 1148 1264 1199 philos.
1299 1148 1386 1198 ipse
1414 1149 1492 1189 alio
1524 1150 1609 1189 loco
1637 1149 1785 1200 (Probl.
1802 1149 1870 1187 VI.
1890 1149 1971 1198 19.)
1997 1148 2285 1198 interpretatur,
2314 1150 2469 1188 dicens:

146 1222 211 1258 ἔστι
247 1218 265 1256 ὅ
296 1217 397 1268 χορὸς
430 1215 580 1264 κηδευτὴς
607 1214 791 1266 ἄπρακτος·
820 1214 946 1254 εὔνοιαν
972 1215 1038 1267 γὰρ
1064 1214 1164 1266 μόνον
1196 1219 1368 1266 παρέχεται
1397 1213 1445 1261 οἷς
1478 1215 1640 1267 πάρεστιν.
1693 1214 1862 1258 Chorum
1894 1214 2012 1268 igitur
2048 1228 2126 1257 non
2158 1214 2287 1268 ipsum
2323 1215 2375 1258 ad
2406 1229 2470 1257 res

146 1288 323 1339 agendas
350 1286 517 1336 aggredi
535 1297 610 1323 nec
629 1285 743 1323 malis
762 1285 872 1323 obrui
893 1296 966 1323 nec
986 1297 1077 1324 suas
1096 1297 1159 1324 res
1178 1297 1326 1336 curare,
1355 1297 1491 1324 verum
1517 1286 1569 1325 ab
1594 1284 1792 1325 actoribus
1819 1288 1924 1325 stare
1951 1287 2070 1336 atque
2101 1283 2249 1326 idcirco
2274 1284 2470 1326 actionem

146 1370 302 1408 semper
337 1360 428 1395 ante
462 1354 598 1394 oculos
631 1354 780 1393 habere
817 1366 865 1392 ac
897 1354 1090 1403 respicere
1125 1354 1216 1392 vult.
1271 1355 1327 1393 lta
1359 1353 1479 1392 animi
1513 1358 1774 1403 spectatorum
1807 1354 1959 1392 actione
1987 1365 2108 1404 saepe
2141 1353 2324 1393 commoti
2350 1358 2469 1404 atque

120 1437 123 1441 ·
147 1423 330 1466 concitati
357 1422 410 1463 ad
438 1435 562 1463 novas
590 1420 881 1473 implicationes
896 1420 1179 1472 colligebantur
1197 1425 1314 1472 atque
1329 1421 1619 1461 recreabantur.
1664 1420 1904 1470 Quibuscum
1923 1420 2068 1473 optime
2087 1421 2346 1472 consentiunt,
2366 1434 2470 1473 quae

146 1491 460 1532 Friederichsius
470 1490 523 1541 ²⁵)
547 1490 655 1540 dicit,
684 1490 848 1529 stasima
875 1501 964 1528 6666
992 1489 1158 1529 361101116
1185 1488 1409 1539 intervalla,
1437 1488 1581 1538 quibus
1599 1488 1867 1540 prohibeatur,
1894 1501 1944 1529 ne
1970 1488 2240 1529 vehementior
2264 1488 2332 1529 fiat
2348 1487 2470 1530 animi

146 1559 355 1600 commotio
385 1571 488 1598 neve
514 1556 676 1597 modum
703 1556 897 1596 excedant
925 1561 1188 1608 spectatorum
1214 1557 1392 1596 affectus.

336 1627 585 1674 Quaeramus
609 1627 711 1676 jam,
747 1624 941 1674 quomodo
975 1624 1015 1663 in
1049 1629 1181 1664 nostra
1214 1624 1352 1663 fabula
1379 1624 1616 1663 Aristotelea
1650 1624 1719 1664 illa
1752 1625 1801 1664 de
1835 1625 1954 1664 choro
1988 1624 2233 1676 praescripta
2259 1625 2471 1664 observata

148 1697 238 1737 sint.
297 1693 492 1746 Captivae
521 1691 702 1733 Troades
730 1692 892 1733 chorum
920 1691 1136 1732 efficientes
1163 1692 1340 1744 profecto
1368 1691 1539 1731 maxime
1566 1691 1734 1732 idoneae
1763 1697 1883 1742 erant,
1912 1706 2014 1742 (11136
2042 1697 2189 1732 starent
2215 1693 2267 1732 ab
2293 1693 2471 1742 Hecuba,

147 1765 240 1805 olim
276 1762 417 1813 regina
450 1765 490 1801 et
523 1760 700 1810 domina,
736 1764 829 1799 tunc
862 1771 978 1799 serva
1011 1763 1048 1798 et
1082 1758 1323 1811 captivitatis
1358 1758 1476 1799 socia.
1533 1758 1697 1799 Cantica
1729 1759 1886 1801 chorica
1911 1759 2033 1802 fluunt
2061 1759 2236 1812 quidem,
2274 1765 2316 1801 ut
2339 1759 2470 1812 ipsum

146 1831 380 1883 tragoediae
415 1834 707 1879 argumentum,
744 1840 793 1867 ex
826 1829 961 1879 mytho
995 1828 1045 1867 de
1073 1828 1229 1867 excidio
1257 1829 1421 1879 Trojae,
1456 1827 1528 1867 scd
1561 1840 1638 1867 non
1673 1828 1805 1868 omnia
1832 1841 1919 1868 cum
1946 1829 2100 1869 actione
2128 1832 2220 1882 apte
2248 1828 2469 1869 cohaerent.

146 1899 293 1941 Parodi
327 1898 411 1950 (vv.
430 1899 587 1937 100.—
604 1896 710 1948 155.)
743 1901 1012 1947 argumentum
1042 1897 1143 1936 bene
1176 1902 1236 1936 est
1271 1897 1543 1947 compositum.
1598 1896 1675 1935 Vix
1709 1897 1812 1935 enim
1839 1897 1935 1937 Hec.
1964 1898 2117 1937 somnia
2143 1897 2331 1937 malorum
2357 1909 2469 1948 prae-

147 1967 291 2009 nuncia
326 1964 503 2006 narravit
539 1964 735 2016 deosque,
774 1968 816 2004 ut
850 1968 1052 2005 servarent
1086 1964 1231 2006 liberos
1268 1978 1378 2015 suos,
1416 1963 1653 2014 obsecravit,
1692 1976 1811 2015 quum
1841 1967 1927 2017 jam
1962 1965 2114 2007 somnia
2151 1978 2248 2007 vera
2284 1965 2469 2007 evadunt.

148 2037 343 2088 Captivae
378 2033 553 2085 undique
586 2037 808 2082 accurrunt,
842 2033 1002 2083 reginae
1036 2034 1273 2073 Achivorum
1308 2032 1510 2072 decretum
1543 2032 1593 2072 de
1626 2033 1765 2084 Polyx.
1798 2033 2035 2074 immolanda
2067 2035 2312 2075 nunciantes.
2364 2035 2469 2085 Apte

147 2115 305 2156 quoque
331 2103 372 2141 in
400 2102 475 2141 hac
502 2100 653 2152 paredo
681 2100 862 2141 diversae
882 2101 1120 2140 Graecorum
1138 2101 1358 2153 principum
1378 2099 1596 2140 sententiae
1624 2106 1982 2143 commemorantur.
2027 2102 2082 2143 Ut
2100 2102 2261 2143 enimin
2280 2102 2469 2144 concione

147 2173 216 2212 illa
242 2172 385 2222 Agam.
413 2174 575 2222 propter
608 2181 780 2208 amorem
813 2181 925 2208 suum
959 2181 1054 2220 erga
1081 2169 1347 2223 Cassandram
1374 2181 1399 2208 a
1425 2168 1631 2219 Polyxena
1658 2173 1696 2208 et
1722 2170 1886 2210 Hecuba
1913 2174 2008 2220 stat,
2035 2169 2172 2211 Ulixes
2199 2183 2293 2212 vero
2321 2170 2471 2211 diserta

148 2240 325 2282 oratione
354 2238 531 2279 Achivos
565 2236 615 2277 de
648 2236 814 2278 Achillis
846 2236 995 2277 meritis
1029 2251 1192 2278 monens
1228 2237 1438 2289 pervincit:
1472 2236 1531 2276 616
1565 2242 1705 2287 postea
1735 2238 1774 2277 in
1806 2251 2018 2289 progressu
2049 2239 2215 2279 actionis
2242 2240 2383 2280 Ulixes
2416 2239 2469 2277 ad

147 2305 425 2348 abducendam
452 2305 699 2356 Polyxenam
734 2304 879 2344 missus
916 2304 1101 2345 immitem
1134 2310 1253 2357 atque
1287 2304 1570 2345 inexorabilem
1597 2317 1640 2345 66
1667 2306 1841 2357 praebet,
1864 2308 1976 2357 justa
2006 2306 2172 2347 Achillis
2205 2307 2468 2359 postulatione

149 2376 298 2416 diserte
327 2385 370 2414 se
398 2373 591 2423 muniens,
619 2373 758 2424 Agam.
786 2384 879 2413 vero
912 2372 1051 2413 iterum
1080 2386 1167 2413 cum
1195 2372 1360 2413 Hecuba
1388 2376 1465 2413 stat
1492 2371 1683 2414 adversus
1709 2372 1947 2416 Graecorum
1975 2375 2137 2417 socium.
2191 2375 2363 2417 Primum
2390 2380 2467 2417 sta-

149 2445 290 2484 simum
325 2443 705 2494 (vv.448.—-487.:
743 2441 839 2490 αὔρα,
866 2443 998 2482 ποντιὰς
1025 2442 1129 2493 αὔρα)
1166 2454 1216 2481 ex
1248 2441 1414 2480 actionis
1447 2442 1720 2492 progressione
1762 2455 1840 2483 non
1873 2443 1995 2483 fluxit.
2049 2444 2155 2484 Dum
2186 2444 2325 2496 regina
2351 2444 2468 2485 malis

147 2511 329 2564 perculsa
365 2509 471 2550 humi
497 2511 607 2560 jacet
615 2539 625 2558 ,
659 2507 753 2548 dum
785 2509 897 2559 virgo
930 2508 1253 2549 innocentissima
1286 2509 1557 2549 crudelissima
1585 2510 1754 2549 afficitur
1784 2515 1923 2562 morte,
1959 2512 2138 2552 Troades
2165 2512 2262 2552 nihil
2287 2512 2469 2552 laborant

147 2592 276 2630 neque
305 2578 355 2618 de
375 2578 471 2617 Hec.
499 2588 627 2627 neque
656 2575 706 2616 de
725 2576 878 2628 Polyx„
905 2588 1040 2616 verum
1064 2589 1175 2617 suam
1199 2581 1349 2617 tantum
1375 2577 1575 2617 miseriam
1594 2577 1810 2630 deplorant,
1830 2583 2075 2632 quaerentes,
2095 2593 2290 2633 quaenam
2318 2580 2468 2621 servitii

147 2652 287 2697 sortes,
317 2647 475 2696 quinam
503 2644 650 2684 domini
678 2644 797 2683 futuri
825 2644 901 2683 sint
929 2645 1082 2694 cuique.
1139 2646 1359 2685 Raumerus
1387 2645 1448 2698 (in
1466 2650 1613 2686 annott.
1633 2646 1685 2686 ad
1704 2647 1815 2700 Eur.)
1844 2648 2002 2688 chorum
2030 2648 2071 2687 in
2089 2649 2164 2689 hoc
2183 2648 2334 2689 cantico
2360 2652 2467 2688 recte

145 2729 223 2756 non
256 2714 447 2755 Hecubae
484 2712 605 2762 mala,
644 2712 785 2763 quibus
816 2713 902 2763 Jam
939 2713 1170 2763 assueverit,
1208 2713 1279 2753 sed
1316 2726 1429 2754 suam
1468 2713 1736 2755 condicionem
1773 2714 1978 2768 deplorare
2014 2716 2108 2757 dicit
2134 2716 2256 2769 idque
2291 2727 2467 2757 summae

144 2784 311 2825 actionis
345 2782 537 2834 prodesse
566 2781 732 2833 judicat,
767 2779 873 2829 quod
907 2780 1132 2819 facultatem
1166 2781 1341 2831 aliquam
1374 2780 1651 2832 requiescendi
1686 2785 1874 2835 praebeat
1907 2785 2049 2825 animis
2084 2788 2361 2836 spectatorum.
2416 2784 2468 2824 At

142 2853 362 2905 praebeant
388 2850 492 2902 licet,
522 2850 616 2901 quin
651 2848 770 2889 etiam
796 2859 961 2888 necesse
988 2851 1046 2888 est
1076 2848 1183 2889 chori
1203 2849 1357 2890 cantica
1383 2849 1485 2889 hane
1512 2849 1750 2902 facultatem,
1778 2852 2001 2904 dummodo,
2027 2852 2068 2893 id
2097 2852 2202 2903 quod
2228 2853 2279 2892 ab
2307 2852 2467 2893 Aristot.

142 2920 439 2973 praescriptum,
469 2919 509 2958 in
537 2919 612 2959 1106
639 2930 734 2958 vero
763 2916 917 2957 cantico
945 2916 1165 2966 neglectum
1194 2921 1264 2967 est,
1293 2917 1423 2969 posita
1451 2917 1529 2958 sint
1554 2918 1595 2957 in
1614 2918 1703 2971 ipsa
1719 2921 1885 2962 actionis
1902 2920 2190 2973 progressione.
2236 2920 2323 2961 Nec
2340 2921 2467 2973 magis

142 2988 370 3041 probandus
409 2993 468 3028 est
499 2987 784 3037 Firnhaberus,
819 2986 886 3036 qui
897 2985 948 3037 2⁶)
987 2985 1146 3025 chorum
1178 2985 1252 3025 hoc
1285 2986 1447 3026 stasimo
1480 2987 1532 3027 ad
1564 2989 1778 3030 sententias
1815 2990 1867 3030 ab
1895 2990 1991 3029 Hec.
2024 3002 2062 3029 v.
2088 2991 2179 3029 423.
2208 2993 2247 3029 et
2274 3002 2299 3030 a
2325 2990 2466 3043 Polyx.

332 3121 377 3156 ²¹⁴)
410 3121 441 3153 in
458 3121 725 3153 commentatione
747 3121 787 3153 de
810 3120 985 3153 Aristotelis
1008 3121 1077 3152 arte
1097 3118 1229 3159 poetica,
1253 3127 1322 3158 cap.
1345 3120 1390 3151 lx.

331 3162 376 3201 25)
413 3164 442 3194 111
466 3163 577 3200 libello,
601 3164 652 3202 qui
676 3163 870 3195 inscribitur:
894 3163 1010 3194 chorus
1033 3161 1217 3200 Euripideus
1240 3165 1439 3200 comparatus
1462 3170 1533 3194 cum
1555 3163 1741 3202 Sophocleo.

331 3204 375 3246 ¹¹⁸)
409 3206 440 3237 in
458 3212 593 3238 censura
609 3205 846 3239 sommerianae
862 3205 902 3239 de
917 3204 1073 3245 Euripidis
1086 3204 1162 3237 Hec.
1177 3204 1461 3246 commentationis,
1485 3213 1564 3246 quae
1580 3205 1662 3239 inest
1683 3206 1715 3239 in
1736 3206 1839 3240 Jahnii
1856 3207 1970 3241 annali.
1992 3207 2067 3248 phil.
2083 3208 2114 3241 et
2135 3207 2267 3249 paedag.
2292 3208 2353 3242 Vol.
2369 3208 2466 3242 xxxi.
