2634 3430
1277 145 1334 195 19

336 269 500 312 Exsistit
530 276 662 312 autem
693 271 768 311 hoc
800 271 885 310 loco
920 271 1115 322 quaestio,
1148 283 1345 321 quaenam
1379 284 1502 310 causa
1534 271 1760 323 Euripidem
1800 271 1855 312 ad
1897 270 2104 323 tingendos
2142 271 2243 311 tales
2279 272 2463 325 prologos

148 340 395 393 permoverit,
423 353 521 391 quos
549 353 571 380 e
599 339 765 391 segnitie
792 343 831 379 et
857 339 1098 391 negligentia.
1123 339 1284 380 fluxisse
1311 353 1390 380 non
1415 352 1623 390 possumus
1645 340 1836 390 judicare.
1890 342 1978 381 Nec
2004 339 2132 379 minus
2160 339 2461 390 improbandum

148 408 304 450 videtur
321 407 363 448 id
382 407 488 458 quod
506 406 798 448 Eichstaedtius
816 406 859 459 (l.
874 419 907 447 c.
921 420 960 459 p.
974 408 1038 448 98.
1052 407 1153 461 not.)
1172 412 1211 448 et
1229 405 1476 458 Schlegelius
1494 406 1541 459 (l.
1556 419 1589 447 c.
1603 419 1643 458 p.
1659 408 1765 461 142.)
1778 408 1971 460 Judicant,
1992 406 2219 460 Euripideis
2245 409 2461 460 tragoediis

147 488 247 532 opus
273 475 398 517 fuisse
423 474 543 515 talem
570 473 835 514 narrationem
861 476 900 514 et
924 464 1309 528 praenunciationem
1335 473 1568 528 argumenti,
1597 473 1702 526 quod
1727 479 1846 529 poeta
1872 484 1994 530 saepe
2021 473 2246 516 fabularum
2271 475 2461 517 rationem

146 560 171 586 a
189 545 389 585 veteribus
406 545 591 583 traditam
609 546 899 582 commutasset.
941 545 1083 595 Neque
1110 545 1214 583 enim
1239 556 1340 583 unus
1366 554 1498 592 neque
1524 543 1672 593 primus
1697 544 1741 583 id
1766 544 1862 583 fecit
1888 546 2022 596 Eurip.
2067 545 2291 584 Ellendtius
2308 556 2462 595 quoque

146 626 276 654 errare
303 612 475 662 videtur,
513 611 580 661 qui
606 610 665 663 (d.
679 610 777 661 prol.
793 623 832 661 p.
852 609 935 662 37.)
963 610 1217 662 Euripideam
1244 610 1568 651 consuetudinem
1600 622 1623 648 e
1649 610 1777 661 prima
1801 612 2029 663 tragoediae
2062 612 2213 664 origine
2240 612 2461 652 ducendam

145 696 235 724 esse
254 681 359 732 dicit,
386 681 427 720 in
446 693 526 732 qua
544 692 646 720 unus
671 678 789 719 modo
807 683 915 719 actor
932 678 1185 721 intercinente
1213 680 1332 720 choro
1350 678 1639 731 spectatoribus
1657 693 1740 719 rem
1766 684 1916 731 gestam
1940 681 2169 722 narraverit.
2215 680 2460 734 Euripidem,

145 750 212 803 qui
238 754 319 791 tam
334 748 467 790 'multa
493 748 534 788 in
561 751 686 788 artem
712 745 884 786 intulerit
910 757 1024 797 nova,
1051 746 1091 787 in
1118 733 1313 799 fingendis
1340 747 1402 787 his
1429 746 1605 798 prologis
1632 745 1745 787 novis
1763 752 1802 787 et
1820 746 2007 789 inauditis
2025 747 2078 789 ad
2094 748 2325 801 tragoediae
2345 748 2461 790 initia

143 819 385 871 respexisse,
412 819 479 857 vix
507 815 697 857 credibile
724 819 796 855 est.
849 815 976 865 Magis
1002 827 1095 855 vero
1122 816 1364 866 adducimur,
1393 820 1435 855 ut
1464 815 1683 865 credamuS,
1711 815 1817 865 quod
1842 815 2107 871 Pflugkiusv)
2134 819 2265 867 affert,
2299 823 2459 870 poetam

144 890 215 929 lios
241 888 425 940 prologos
451 885 671 925 narrativos
699 888 738 923 et
754 885 1070 935 praeparatorios
1096 885 1314 925 instituisse
1332 897 1381 925 eo
1409 884 1587 933 consilio,
1615 888 1658 923 ut
1686 888 1927 934 spectatores
1950 885 2079 926 minus
2103 886 2264 926 distenti
2290 887 2458 927 actionis

143 955 409 1007 implicatione
446 958 487 993 et
518 952 793 1003 progressione
828 951 981 991 facilius
1024 958 1252 1003 caperentur
1278 957 1418 992 ornatu
1455 951 1644 992 orationis
1680 951 1825 990 eximia
1852 952 2057 992 dulcedine
2094 958 2133 993 et
2167 954 2456 1004 pulchritudine

142 1023 367 1065 instructae.
965 1009 968 1013 ’

329 1090 602 1143 Episodiorum
642 1092 682 1128 et
714 1087 833 1128 exodi
868 1087 1115 1128 definitiones
1146 1089 1405 1129 Aristoteleae
1439 1089 1496 1128 ita
1529 1092 1621 1128 sunt
1652 1088 1905 1140 imperfectae
1932 1093 2050 1140 atque
2076 1090 2302 1142 ambiguae,
2336 1095 2379 1130 ut
2406 1103 2456 1130 ex

141 1161 188 1200 iis
216 1164 389 1200 nostram
416 1158 594 1198 fabulam
621 1157 828 1197 aestimare
854 1155 1197 1209 prohibeamur.²²)
1248 1158 1454 1207 Nusquam
1487 1171 1582 1197 vero
1616 1156 1792 1208 apertius
1818 1157 1910 1195 Eur.
1938 1157 2180 1208 vituperatur
2205 1159 2258 1197 ab
2284 1159 2456 1205 Aristot.,

126 1240 262 1279 ‘quam
294 1241 341 1268 eo
373 1227 478 1277 loco,
513 1240 590 1277 quo
624 1225 674 1266 de
709 1224 818 1265 chori
851 1228 991 1264 natura
1022 1224 1187 1265 disserit.
1240 1226 1420 1275 Namque
1455 1226 1513 1266 ibi
1547 1226 1677 1278 (Poet.
1692 1224 1842 1264 XVIII.
1861 1224 1946 1277 21.)
1979 1224 2091 1265 dicit:
2122 1226 2180 1263 τὸν
2201 1227 2304 1273 χορὸν
2329 1229 2383 1264 ἔνι-
2411 1230 2459 1265 διῖ

139 1297 315 1345 ΐπολαβεΐν
339 1300 400 1332 τῶν
425 1295 604 1344 ὑποκριτῶν
629 1296 684 1330 καὶ
708 1292 820 1341 μόριον
847 1292 925 1329 εἶναι
943 1296 1002 1329 τοῦ
1015 1292 1100 1336 ὅλον,
1127 1295 1179 1329 καὶ
1192 1298 1482 1342 σιψαγσιηνίζεσθαι,
1506 1294 1550 1341 μή
1567 1294 1677 1341 ὥσπερ
1698 1292 1866 1342 Εὐριπίδῃ.
1894 1292 1959 1329 ἀλλ’
1989 1293 2098 1340 ὥσπερ
2115 1299 2283 1341 Σοφοκλεῖ,
2328 1295 2456 1344 Quam

139 1359 463 1416 vituperationem
490 1362 788 1413 Euripideorum
818 1361 1060 1400 choricorum
1092 1361 1270 1400 universe
1291 1365 1440 1412 justam
1468 1375 1558 1401 esse
1586 1374 1722 1401 omnes
1749 1375 1838 1401 cum
1864 1367 2020 1401 veteres
2029 1362 2080 1413 ²³)
2108 1368 2191 1401 tum
2217 1365 2454 1403 recentiores

141 1432 266 1472 critici
294 1431 525 1480 concedunt,
549 1435 708 1482 praeter
733 1442 853 1469 unum
871 1428 1128 1479 Hartungum,
1155 1428 1360 1479 impigrum
1379 1429 1582 1480 Euripidis
1609 1434 1952 1481 propugnatorem.
1998 1429 2072 1477 Qui
2090 1429 2154 1481 (E.
2173 1443 2204 1469 r.
2220 1431 2270 1470 II.
2284 1445 2324 1481 p.
2343 1432 2455 1481 369.)

140 1500 265 1540 verba
296 1499 364 1538 illa
398 1499 450 1539 ab
482 1498 642 1538 Aristot.
677 1496 735 1537 sic
767 1497 912 1548 scripta
945 1507 1034 1535 esse
1066 1507 1215 1546 negans
1241 1497 1324 1547 Jam
1357 1497 1672 1537 emendationem
1705 1496 1757 1537 ad
1783 1509 1942 1536 manum
1969 1497 2089 1536 habet
2115 1508 2209 1537 suae
2236 1498 2454 1539 sententiae

141 1569 342 1620 praeclare
375 1567 664 1618 suffragantem.
719 1565 934 1616 Scripsisse
970 1564 1074 1603 enim
1099 1569 1210 1615 putat
1235 1565 1484 1605 Aristotelem
1512 1567 1630 1606 haec:
1660 1567 1710 1612 ,ὡς
1736 1583 1806 1615 παρ
1828 1567 2006 1614 Ἐι·ριπι’δῃ,
2038 1565 2059 1610 ἢ
2084 1566 2127 1607 ὥς
2157 1567 2250 1614 παρὰ
2284 1572 2453 1613 Σοφοκλεῖ.

140 1639 193 1677 At
219 1636 425 1677 audiamus
453 1647 605 1685 causas,
634 1647 735 1685 quae
763 1646 853 1673 eum
879 1631 932 1672 ad
959 1633 1067 1673 illam
1093 1633 1322 1673 sententiam
1348 1633 1559 1673 adducant.
1602 1634 1775 1674 Primam
1800 1635 1925 1684 affert,
1954 1633 2058 1685 quod
2075 1647 2125 1674 ea
2150 1647 2287 1686 parum
2314 1635 2453 1674 cohae-

140 1709 251 1746 reant
266 1718 354 1745 cum
372 1703 504 1744 verbis
529 1703 873 1752 subsequentibus.
918 1701 1079 1742 Aristot.
1103 1705 1231 1741 autem
1250 1701 1305 1741 ita
1326 1702 1476 1753 pergit:
1503 1708 1570 1744 τοῖς
1597 1706 1631 1739 δὲ
1657 1708 1781 1742 λοιποῖς
1806 1704 1849 1740 τὰ
1874 1694 2019 1751 ᾀδόμενα
2047 1702 2087 1740 οἰι
2111 1706 2232 1750 μᾶλλον
2256 1705 2315 1740 τοῦ
2338 1703 2453 1749 μύθοι-

140 1775 159 1821 ἢ
186 1773 280 1820 ἄλλης
306 1775 489 1822 τραγῳδίας·
515 1775 590 1808 ἐστι’.
636 1771 684 1809 Δι’
713 1771 731 1808 ὃ
753 1770 907 1819 ἐμβόλιμοι
941 1769 1066 1819 ᾅδουσι,
1092 1770 1218 1817 πρώτου
1236 1769 1388 1817 ιῖρξαντος
1403 1770 1591 1818 Ἀγάθωνος
1609 1772 1766 1808 romi-101¹.
1813 1771 1947 1820 Quid?
1970 1771 2069 1810 haee
2086 1783 2225 1823 parum
2243 1770 2454 1811 cohaerere

139 1855 227 1883 cum
260 1840 601 1882 antecedentibus!
645 1839 837 1890 Hartungi
871 1839 1030 1889 quidem
1065 1840 1184 1879 verba
1216 1839 1314 1877 haec
1346 1845 1452 1877 sunt:
1492 1839 1562 1888 „Si
1597 1840 1689 1878 Eur.
1724 1840 1812 1891 ipse
1834 1842 1921 1891 jam
1935 1839 2244 1879 'intercalaribus
2271 1851 2367 1879 usus
2394 1844 2455 1878 est

140 1911 283 1959 choris,
318 1908 513 1960 quomodo
546 1908 585 1948 ei
618 1907 780 1959 opponi,
813 1912 1015 1956 tamquam
1051 1907 1278 1946 contrarium
1309 1906 1516 1954 facientes,
1552 1907 1695 1955 reliqui
1725 1907 1988 1958 potuerunt?“
2029 1907 2081 1945 At
2106 1906 2265 1946 minime
2293 1907 2452 1946 Aristot.

140 1978 319 2030 Euripidi
344 1978 518 2027 reliquos
544 1982 701 2028 poetas,
728 1989 863 2015 verum
890 1976 963 2015 hos
991 1980 1030 2016 et
1057 1974 1279 2026 Euripidem
1304 1974 1371 2014 uni
1399 1975 1560 2025 opponit
1586 1975 1785 2025 Sophocli.
1839 1974 2045 2015 Sententia
2072 1974 2175 2014 enim
2201 1974 2277 2014 loci
2304 1975 2453 2015 Aristo·

138 2045 231 2086 telei
267 2045 323 2085 ita
356 2048 417 2085 est
455 2042 844 2097 comprehendenda:
891 2042 1087 2093 „Chorum
1121 2054 1199 2082 una
1230 2054 1315 2081 cum
1348 2041 1544 2082 actoribus
1580 2054 1699 2093 agere
1732 2046 1896 2094 oportet,
1931 2046 1974 2082 ut
1999 2041 2107 2093 apud
2133 2041 2269 2094 Soph.,
2304 2055 2384 2082 non
2411 2047 2454 2082 ut

138 2113 246 2165 apud
272 2113 425 2165 Eurip.,
452 2113 570 2166 {cujus
597 2112 757 2151 chorica
781 2124 920 2163 parum
947 2112 1000 2151 ad
1026 2111 1216 2150 actionem
1243 2114 1434 2161 spectant3
1461 2109 1601 2160 reliqui
1628 2114 1769 2161 poetae
1796 2110 1922 2161 magis
1948 2109 2156 2160 magisque
2180 2109 2221 2148 in
2247 2109 2290 2149 id
2316 2110 2455 2150 vitium

139 2181 293 2234 delapsi
321 2186 411 2222 sunt
438 2193 652 2231 eorumque
679 2180 833 2220 cantica
858 2179 965 2219 nullo
990 2178 1107 2219 modo
1134 2178 1185 2218 ad
1211 2178 1385 2218 fabulam
1410 2182 1601 2229 spectant,
1629 2178 1701 2218 sed
1720 2178 1845 2219 cuivis
1872 2178 2100 2230 tragoediae
2125 2178 2248 2218 inseri
2274 2183 2455 2230 possunt,

139 2251 395 2302 quamobrem
422 2249 576 2299 ἐμβόλιμοι
602 2249 627 2288 i.
657 2261 691 2288 e.
719 2247 969 2288 intercalaria
993 2247 1277 2287 nominantur.“
1330 2246 1462 2299 Eurip.
1489 2247 1618 2298 igitur,
1648 2246 1723 2286 etsi
1752 2247 1912 2286 chorum
1931 2247 2160 2298 plerumque
2179 2246 2347 2287 actionis
2365 2259 2455 2298 par-

137 2320 299 2371 ticipem
324 2332 403 2358 non
430 2319 543 2368 facit,
578 2322 711 2357 tamen
739 2317 892 2356 cantica
919 2328 969 2355 ex
996 2316 1155 2355 fabulae
1182 2320 1407 2366 argumento
1434 2315 1554 2363 (lucit,
1581 2315 1623 2355 id
1650 2316 1756 2365 quod
1778 2315 1921 2365 reliqui
1948 2320 2089 2366 poetae
2117 2316 2218 2355 duce
2246 2316 2457 2366 Agathone

137 2399 295 2440 prorsus
337 2386 608 2438 neglexerunt.
661 2384 774 2425 Idem
814 2383 990 2425 sentiens
1026 2383 1255 2424 Welckerus
1290 2382 1335 2435 (l.
1356 2394 1388 2422 c.
1408 2395 1447 2435 p.
1471 2382 1606 2436 1000.)
1642 2382 1855 2430 vinculum,
1904 2382 2011 2434 quod
2046 2383 2207 2424 chorum
2241 2387 2376 2423 nectat
2408 2395 2458 2424 ex

137 2456 309 2505 actione,
341 2455 548 2494 remissum
573 2457 660 2506 jam
693 2455 733 2493 in
765 2453 989 2504 Euripideis
1022 2452 1184 2501 fabulis,
1217 2457 1352 2503 postea
1385 2452 1441 2491 ita
1472 2453 1693 2503 neglectum
1726 2464 1813 2491 esse
1842 2451 1955 2500 dicit,
1992 2457 2036 2491 ut
2061 2457 2205 2503 poetae
2232 2452 2461 2502 tragoedias

138 2523 355 2563 scribentes
383 2523 491 2562 chori
519 2523 672 2563 cantica
697 2521 814 2561 modo
841 2534 946 2560 nova
972 2524 1246 2571 componerent
1270 2519 1386 2559 modo
1413 2519 1573 2559 aliunde
1599 2524 1834 2570 repeterent.
1880 2519 2057 2558 Alteram
2087 2520 2199 2559 Hart.
2226 2520 2343 2559 affert
2369 2533 2459 2560 cau-

137 2606 232 2637 sam,
262 2591 367 2642 quod
394 2591 464 2630 illa
489 2591 613 2631 verba
640 2602 809 2630 errorem
836 2590 1008 2629 habeant
1035 2588 1241 2628 Aristotele
1265 2587 1420 2627 minime
1447 2587 1620 2638 dignum.
1676 2587 1748 2636 „In
1774 2587 2058 2638 duodeviginti,
2092 2587 2232 2640 inquit,
2261 2600 2364 2638 quae
2392 2601 2458 2628 ex-

138 2664 254 2711 stant,
284 2659 483 2712 Euripidis
509 2658 652 2698 fabulis
679 2669 758 2697 non
784 2658 873 2709 plus
901 2657 979 2696 duo
1007 2657 1178 2697 carmina
1204 2660 1358 2706 reperta
1375 2659 1475 2704 sunt,
1507 2666 1610 2706 quae
1629 2655 1726 2694 illud
1749 2655 1944 2707 judicium
1972 2655 2202 2695 confirmare
2221 2656 2459 2705 viderentur,

138 2740 303 2776 quorum
338 2729 504 2766 alterum
531 2727 764 2777 Iphigeniae
792 2726 1003 2773 Tauricae,
1038 2726 1199 2764 alterum
1227 2724 1400 2761 Helenae
1432 2724 1587 2761 actibus
1614 2724 1715 2761 inest
1744 2724 1909 2762 ultimis:
1938 2735 2041 2772 quae
2068 2728 2203 2762 tamen
2229 2725 2460 2775 neutiquam

138 2808 225 2835 esse
262 2795 418 2843 ἐμβόλιμοι
452 2794 548 2835 satis
581 2794 677 2834 mihi
713 2793 852 2833 videor
886 2793 1092 2845 perspicue
1134 2790 1392 2830 osten(lisse.“
1446 2792 1497 2829 At
1534 2804 1582 2831 ex
1621 2803 1686 2838 co,
1725 2790 1830 2841 quod
1873 2804 1953 2830 non
1985 2791 2141 2839 ἐμβύλιμιι
2170 2797 2271 2842 sunt,
2298 2792 2458 2831 minime

327 2993 373 3027 n«)
408 2992 438 3023 in
460 2992 656 3030 praefatione
679 2990 912 3029 tragoediarum
935 2990 1084 3028 Euripidis
1106 2997 1135 3027 n.
1157 2989 1287 3019 xxxvii.

328 3047 374 3088 ²¹)
408 3048 451 3081 cf.
467 3056 548 3089 quae
563 3048 602 3080 de
619 3049 667 3079 his
683 3047 865 3087 tragoediae
881 3046 1022 3086 partibus
1046 3046 1169 3085 scripsit
1191 3045 1322 3077 xockius
1346 3044 1375 3076 in
1399 3044 1676 3083 commentatione,
1708 3049 1789 3085 qnae
1823 3046 2016 3078 inscribitur:
2045 3044 2139 3078 usbar
2170 3044 2217 3077 bic
2238 3043 2382 3083 ‘Burobus
2409 3043 2460 3075 bct

406 3100 590 3143 griediiidyeu
611 3099 763 3143 &rugabit
785 3100 828 3132 im
851 3098 1056 3141 unffi-meineri
1079 3099 1139 3131 unb
1162 3097 1208 3131 bie
1230 3100 1283 3131 bes
1306 3096 1451 3136 ‘Orbitane
1474 3096 1507 3129 in
1529 3096 1671 3130 stolorum
1695 3097 1738 3130 im
1762 3098 1949 3138 fficioubcrn.

328 3159 372 3198 ²³)
406 3161 487 3192 inter
514 3163 639 3191 veteres
669 3159 824 3197 Aristonb.
854 3166 976 3197 titioque
1006 3157 1177 3196 Euripidem
1205 3161 1333 3195 promer
1361 3157 1505 3188 vitiosam
1533 3157 1731 3189 cliorieorum
1760 3159 1913 3190 rationem
1944 3158 2154 3197 perstringere
2177 3156 2299 3188 videtur
2326 3157 2460 3189 Aeliam.

401 3220 428 3244 v.
452 3214 525 3244 449.
548 3219 615 3252 sqq.
639 3212 681 3243 ef.
703 3213 799 3243 schol.
823 3213 862 3243 ad
885 3212 915 3243 b.
938 3211 958 3245 1.

2205 3261 2224 3291 a
