2634 3430
1273 73 1329 120 16

141 199 299 251 proprio
324 198 502 249 recedat;
530 198 670 249 quibus
687 208 764 237 non
783 195 991 236 immodice
1012 196 1200 237 utendum
1219 209 1319 248 esse,
1347 209 1478 247 quum,
1506 197 1537 237 si
1557 196 1687 237 omnia
1703 196 1838 244 γλῶι-ιαι
1858 195 1946 245 sint,
1974 195 2220 247 barbarismi,
2247 195 2308 237 sin
2327 195 2458 235 omnia

139 269 330 316 μεταφοραί,
357 265 583 318 aenigmata
606 263 835 313 efficiantur,
861 274 1000 303 verum
1024 275 1145 317 saepe
1173 264 1291 306 etiam
1310 264 1495 317 proprias
1521 262 1914 305 vocesadhibendas
1941 273 2043 304 esse.
2087 262 2228 315 Itaque
2245 262 2457 305 dictionem

140 334 355 387 prudenter
371 333 664 386 temperandam
683 343 771 372 esse
790 335 830 371 et
847 331 1019 384 propriis
1047 336 1087 372 et
1112 333 1343 385 peregrinis,
1369 336 1413 373 ut
1438 333 1537 373 haec
1554 332 1799 385 gravitatem,
1827 332 1898 372 illa
1921 330 2245 384 perspicuitatem
2271 331 2458 372 efficiant.

329 402 576 451 Quamquam
594 400 795 452 Euripidis
821 398 1037 439 dictionem
1062 412 1191 452 neque
1209 402 1472 454 Aeschyleam
1498 399 1760 452 granditatem
1777 412 1907 451 neque
1932 398 2196 451 Sophocleam
2223 399 2459 439 suavitatem

139 470 384 524 adaequare,
422 468 494 510 sed
525 467 684 520 paulum
710 479 833 520 supra
859 467 1063 519 vulgarem
1097 469 1313 511 orationem
1342 469 1468 510 attolli
1495 468 1597 509 inter
1629 481 1767 511 omnes
1794 468 1880 511 sere
1908 471 2078 519 constat,
2111 470 2216 508 certe
2248 470 2382 508 tamen
2410 477 2462 507 ea

142 538 320 591 putanda
353 543 429 588 est,
463 549 565 588 quae
597 536 846 577 Aristoteleis
881 537 1138 590 praescriptis
1171 537 1407 589 satisfaciat,
1443 549 1562 588 quum
1593 549 1724 588 neque
1762 538 2042 579 obscuritatem
2076 548 2208 587 neque
2242 534 2459 576 exilitatem

143 607 300 648 babeat,
352 604 469 645 Arist.
501 604 588 657 ipse
622 603 753 657 (Poet.
766 604 902 644 XXII.
920 604 1003 659 19.)
1036 605 1077 645 in
1104 606 1307 658 jambicis,
1344 617 1445 657 quae
1478 605 1648 646 maxime
1681 605 1882 646 imitentur
1913 605 2115 657 vulgarem
2148 603 2379 654 orationem,
2408 614 2459 642 ea

144 675 313 715 dictione
340 673 526 713 utendum
553 685 642 713 esse
671 672 780 723 dicit,
809 686 890 723 qua
916 674 1036 713 etiam
1062 674 1102 714 in
1128 674 1284 726 vulgari
1312 674 1488 714 oratione
1515 674 1574 714 uti
1602 674 1814 726 possimus.
1868 676 1918 714 Et
1944 674 2022 713 alio
2048 673 2135 712 loco
2161 672 2298 726 (Rhet.
2315 671 2387 711 111.
2402 670 2462 722 2.)

143 741 368 783 nominatim
388 740 616 793 Euripidem
635 744 795 793 propter
813 740 1027 782 dictionem
1045 741 1191 793 laudat,
1206 740 1358 782 dicens:
1385 743 1434 779 δεῖ
1457 741 1633 779 λανθάνειν
1658 745 1832 784 ποιοῦντας
1849 744 1906 779 καὶ
1919 741 1964 789 μὴ
1988 743 2091 778 δοκεῖν
2109 744 2208 789 λέγειν
2222 742 2460 786 πεπλασμένοις,

144 810 222 848 ἀλλὰ
257 808 456 857 πεφυκότως·
487 812 581 846 τοῦτο
610 808 678 858 γοῖρ
710 808 869 851 πιθανόν,
901 814 999 846 ἐκεῖνο
1027 811 1061 847 δὲ
1090 809 1288 847 τούναντίον·
1316 839 1480 849 .....
1509 813 1672 847 κλέπτεται
1698 811 1727 846 δ’
1760 805 1805 854 εὖ,
1830 809 1887 847 ἐόν
1909 825 1954 852 τις
1980 814 2014 847 ez
2039 814 2093 854 τῆς
2119 810 2273 850 εἰωθυίας
2299 809 2462 844 διαλέκτου

142 881 270 927 ἐκλέγων
298 880 450 926 aum-953·
481 877 499 912 ὅ
528 892 590 925 περ
615 876 793 926 ,Εὐριπίῦης
818 881 905 913 ποιεῖ
929 880 984 913 καὶ
1010 878 1148 918 ὑπέδειξε
1165 880 1296 926 πρῶτος.
1341 877 1679 916 Dissimulandum
1704 877 1825 928 igitur
1852 889 1942 918 esse
1975 877 2071 916 dicit
2097 876 2263 916 ornandi
2289 875 2461 915 studium

142 952 179 987 et
207 947 308 986 bene
335 945 588 995 dissimulari,
617 945 653 985 si
680 945 768 996 quis
799 957 850 985 ex
877 950 1070 986 consueto
1097 957 1275 985 sermone
1303 945 1458 985 delecta
1485 947 1710 997 conjungat,
1738 945 1781 985 id
1808 946 1915 998 quod
1942 945 2078 998 Eurip.
2105 944 2256 985 fecerit.

327 1014 374 1053 In
406 1017 542 1053 nostra
575 1024 734 1063 quoque
761 1012 900 1053 fabula
924 1013 1198 1054 translationes
1223 1012 1470 1053 inveniuntur
1496 1025 1569 1053 nec
1595 1014 1812 1065 permultae
1839 1027 1913 1054 nec
1928 1013 2046 1053 nimis
2074 1012 2311 1065 conspicuae
2331 1023 2461 1062 neque

140 1083 282 1124 desunt
308 1081 412 1122 aliae
439 1080 743 1133 inaequalitates
771 1093 804 1122 s.
831 1081 993 1134 figurae,
1020 1095 1119 1135 quas
1146 1094 1373 1123 enumerare
1399 1085 1468 1122 aut
1495 1081 1658 1122 strictim
1685 1082 1879 1133 attingere
1912 1085 2080 1134 angusto
2112 1080 2241 1133 spatio
2272 1084 2462 1130 vetamur,

142 1151 321 1204 quamvis
354 1154 476 1203 poeta
507 1149 663 1190 modice
697 1150 750 1191 iis
782 1154 925 1191 utatur.
978 1151 1040 1191 Ita
1071 1150 1128 1202 fit,
1161 1154 1204 1190 ut
1235 1149 1354 1190 dictio
1387 1154 1426 1190 et
1458 1149 1718 1190 humilitatem
1749 1149 2045 1203 exilitatemque
2071 1149 2245 1202 vulgaris
2272 1147 2462 1189 orationis

142 1220 304 1271 effugiat
335 1231 466 1268 neque
500 1223 570 1257 aut
609 1218 761 1258 tumida
794 1223 863 1258 aut
898 1219 1064 1259 obscura
1089 1219 1151 1269 sit,
1177 1219 1309 1268 itaque
1338 1230 1387 1257 ex
1415 1218 1637 1258 Aristotelis
1663 1222 1793 1259 mente
1819 1218 2020 1258 laudanda
2046 1218 2110 1258 sit.
2162 1219 2305 1267 Neque
2330 1221 2462 1256 tamen

143 1287 302 1339 desunt,
337 1287 405 1338 qui
439 1286 480 1326 in
515 1285 690 1327 dictione
724 1299 881 1340 quoque
914 1286 1140 1339 Euripidem
1171 1286 1389 1338 vituperent
1422 1285 1541 1338 idque
1574 1286 1648 1338 ita,
1681 1290 1724 1326 ιιι
1755 1285 1993 1338 vituperatio
2027 1285 2068 1326 in
2100 1290 2272 1333 nostram
2306 1295 2463 1335 quoque

146 1355 323 1396 fabulam
341 1354 548 1396 transferri
568 1354 705 1406 possit,
734 1359 776 1395 ut
795 1354 993 1407 Aristoph.
1021 1353 1138 1408 (Ran.
1156 1355 1265 1395 1338.
1280 1355 1342 1395 51.
1357 1355 1421 1396 53.
1434 1354 1543 1409 sqq.)
1588 1354 1818 1407 Euripidem
1837 1353 2073 1407 perstringit,
2102 1353 2208 1405 quod
2231 1351 2464 1405 saepissime

144 1436 240 1463 usus
267 1423 320 1464 sit
346 1422 616 1475 geminatione
645 1423 865 1462 verborum.
911 1422 1021 1470 Quae
1046 1423 1086 1462 in
1110 1423 1204 1462 Hec.
1232 1422 1428 1463 invenitur
1454 1423 1687 1473 sexcenties,
1714 1422 1835 1473 idque
1858 1423 1899 1462 in
1925 1422 2104 1474 partibus
2132 1421 2302 1472 melicis;
2329 1432 2463 1471 quam-

143 1491 290 1540 obrem,
319 1502 439 1540 quum
469 1489 545 1528 hac
576 1489 842 1539 geminatione
878 1489 1132 1539 querimoniis
1167 1490 1255 1540 plus
1282 1490 1469 1541 ponderis
1497 1490 1695 1539 afferatur,
1723 1489 1830 1529 illam
1856 1489 2183 1541 vituperationem
2210 1493 2253 1528 ut
2278 1488 2464 1539 injustam

142 1558 356 1609 reiicimus.
411 1558 504 1598 Pari
542 1558 660 1598 modo
690 1557 864 1609 Euripidi
894 1557 1075 1608 objicitur
1109 1558 1319 1606 σιγματισιιὸς
1345 1572 1375 1599 s.
1409 1558 1553 1598 nimius
1586 1558 1786 1598 literarum
1817 1557 2060 1598 sibilantium
2095 1570 2208 1608 usus,
2236 1557 2304 1609 qui
2331 1555 2463 1605 efficit,

145 1631 186 1668 ut
218 1638 359 1668 versus
395 1625 611 1667 molliorem
645 1624 813 1666 reddant
846 1638 995 1667 sonum.
1055 1625 1178 1678 CuJus
1215 1625 1271 1666 rei
1305 1625 1345 1666 in
1385 1626 1482 1668 Hec.
1516 1637 1672 1679 quoque
1705 1638 1784 1667 non
1821 1638 1950 1679 pauca
1984 1624 2236 1666 inveniuntur
2271 1623 2464 1677 exempla.

144 1697 195 1733 At
222 1695 298 1733 hoc
325 1695 481 1744 vitium,
515 1694 568 1732 ad
605 1694 710 1744 quod
746 1694 915 1733 sortasse
947 1705 1075 1745 pauca
1108 1694 1188 1732 alia
1213 1694 1423 1744 accedunt,
1457 1693 1497 1731 id
1524 1706 1604 1732 non
1636 1698 1707 1743 est,
1738 1693 1843 1743 quod
1872 1694 2096 1732 universam
2122 1697 2278 1732 nostrae
2305 1692 2465 1731 fabulae

146 1765 358 1802 dictionem
387 1776 635 1812 corrumpere
671 1765 832 1812 eJusque
868 1763 1032 1800 virtutes
1058 1763 1267 1802 obscurare
1303 1763 1444 1813 possit.
1496 1763 1761 1809 Quamobrem
1788 1763 1919 1801 facere
1942 1776 2021 1801 non
2047 1775 2266 1813 possumus,
2295 1762 2387 1811 quin
2413 1761 2465 1800 ad

146 1832 336 1872 Hecubae
355 1830 567 1871 dictionem
589 1830 803 1871 referamus
831 1829 980 1871 Horatii
1007 1829 1103 1871 illud
1130 1830 1213 1883 (ep.
1228 1831 1280 1872 ad
1307 1830 1389 1872 Pis.
1404 1832 1493 1871 351.
1508 1830 1632 1884 sqq.):
1659 1831 1807 1871 Verum
1832 1830 1901 1871 ubi
1927 1830 2040 1883 plura
2063 1830 2189 1871 nitent
2215 1829 2256 1871 in
2282 1828 2465 1877 carmine,

146 1912 225 1940 non
253 1912 328 1951 ego
354 1897 494 1951 paucis
508 1922 559 1927 —
573 1898 761 1939 Offendar
786 1898 960 1950 maculis,
988 1910 1086 1949 quas
1112 1903 1181 1939 aut
1209 1899 1360 1941 incuria
1387 1898 1501 1950 fudit,
1516 1922 1566 1928 —
1582 1899 1661 1939 Aut
1688 1899 1859 1939 humana
1884 1911 2023 1951 pamm
2050 1898 2155 1939 cavit
2181 1902 2332 1939 natura.

340 1967 567 2007 Postremas
595 1966 694 2007 duas
720 1966 947 2018 tragoediae
975 1971 1118 2018 partes,
1146 1968 1454 2008 modulationem
1482 1972 1520 2007 et
1548 1968 1747 2007 scenicum
1774 1971 2018 2019 apparatum,
2046 1967 2164 2007 Arist.
2192 1966 2350 2006 minime
2379 1966 2466 2005 illu-

149 2040 259 2085 strat,
288 2026 409 2087 quum
436 2047 574 2086 parum
601 2034 821 2086 pertineant
847 2035 899 2075 ad
926 2040 1049 2075 artem
1079 2037 1292 2088 poeticam3
1319 2048 1490 2086 namque
1518 2036 1638 2075 etiam
1665 2036 1750 2075 sine
1777 2036 1827 2075 iis
1845 2036 2050 2087 tragoedia
2075 2035 2116 2074 id
2143 2035 2249 2086 quod
2266 2035 2350 2074 vult
2376 2047 2465 2074 con-

149 2103 262 2155 sequi
298 2107 419 2161 atque
452 2106 597 2143 metum
631 2106 670 2143 et
702 2103 992 2145 miserationem
1027 2116 1272 2146 commovere
1311 2107 1455 2156 potest.
1511 2103 1774 2153 Quamobrem
1812 2115 1881 2145 eas
1921 2103 2078 2145 omnino
2112 2102 2466 2156 praetermittentes

149 2176 395 2212 transeamus
416 2172 503 2221 jam
530 2170 581 2210 ad
610 2171 843 2211 exteriorem
871 2171 1100 2223 tragoediae
1127 2172 1316 2223 habitum,
1346 2184 1462 2222 quem
1480 2171 1598 2211 Arist.
1619 2184 1705 2224 cap.
1719 2172 1811 2211 XII.
1830 2171 1991 2212 strictim
2018 2175 2057 2211 et
2082 2171 2196 2222 quasi
2221 2170 2467 2223 praeteriens

149 2244 301 2291 tractat,
329 2244 463 2291 partes
490 2239 716 2290 tragoediae
746 2252 979 2280 enumerans
1006 2241 1095 2279 has:
1122 2241 1339 2292 prologum,
1364 2242 1550 2282 έπειςόῦιον,
1578 2240 1759 2291 exodum,
1789 2241 1957 2280 chorica.

334 2307 491 2357 Prologi
527 2307 643 2348 Arist.
680 2308 760 2348 alio
787 2321 943 2360 qnoque
977 2309 1063 2348 loco
1093 2307 1228 2360 (Rhet.
1244 2309 1415 2359 111.14.)
1442 2309 1678 2349 mentionem
1704 2309 1800 2349 facit
1827 2309 1981 2350 dicens:
2008 2309 2046 2347 τὸ
2073 2308 2241 2358 προοίμιόν
2268 2313 2353 2345 ἐστιν
2381 2307 2467 2355 ἆρχὴ

148 2375 265 2424 λόγου,
296 2375 377 2424 ὅπερ
404 2379 437 2412 ἐν
463 2374 587 2420 ποιήσει
615 2374 777 2423 πρόλογος
803 2377 856 2411 καὶ
884 2380 915 2412 ἐν
943 2375 1074 2421 αὐλήσει
1100 2375 1293 2425 προαύλιον·
1326 2375 1438 2413 πάντα
1482 2376 1548 2426 γὰρ
1586 2375 1686 2426 ἀρχαὶ
1724 2375 1810 2413 ταῦτ’
1857 2377 1920 2414 εἰσί
1958 2379 2013 2414 καὶ
2046 2376 2234 2422 ὅδοποίησις
2264 2379 2307 2424 τῷ
2340 2374 2466 2412 ἐπιόντι.

147 2445 235 2493 Quo
263 2448 446 2495 apparet,
483 2442 712 2494 tragoediae
738 2443 942 2495 prologum
970 2456 1059 2484 esse
1087 2444 1253 2484 actionis
1282 2444 1593 2496 ingressionem,
1628 2457 1707 2496 qua
1739 2450 1980 2497 spectatores
2005 2445 2056 2486 de
2083 2445 2201 2485 rebus
2228 2442 2466 2494 quibusdam

145 2511 486 2560 antecedentibus,
515 2523 538 2549 e
566 2510 710 2560 quibus
741 2510 907 2550 actionis
944 2511 1158 2563 implicatio
1185 2511 1382 2563 gignatur,
1412 2513 1597 2553 certiores
1632 2513 1738 2552 fiant.
1782 2513 1944 2553 Multum
1970 2525 2064 2553 vero
2091 2512 2240 2552 distant
2263 2510 2467 2562 Euripidei

146 2577 360 2632 prologifl)
398 2591 424 2619 a
454 2577 701 2630 Sophocleis.
755 2578 936 2628 Namque
970 2578 1076 2631 apud
1111 2579 1233 2631 Soph.
1265 2579 1418 2631 prologi
1453 2579 1649 2621 artissime
1682 2580 1876 2633 conjuncti
1906 2584 1997 2622 sunt
2024 2593 2112 2621 cum
2138 2580 2313 2630 actione,
2347 2591 2467 2630 quum

144 2660 338 2699 personae
373 2647 501 2699 primo
535 2646 649 2686 initio
686 2645 729 2686 in
766 2658 926 2686 scenam
960 2646 1195 2698 prodeuntes
1227 2646 1386 2698 dialogo
1420 2661 1497 2688 non
1528 2648 1681 2700 longius
1713 2648 1897 2700 repetito,
1936 2661 2073 2690 verum
2106 2661 2128 2690 e
2164 2653 2305 2689 natura
2337 2660 2468 2688 rerum

144 2715 290 2757 fluente
318 2720 562 2768 spectatores
589 2716 629 2755 in
655 2714 852 2755 actionem
879 2714 1076 2756 inducant.
1122 2717 1167 2757 In
1183 2715 1408 2768 Euripideis
1434 2728 1528 2758 vero
1554 2717 1766 2770 tragoediis
1792 2717 1992 2770 plerisque
2019 2730 2099 2759 una
2122 2722 2273 2758 tantum
2298 2728 2469 2769 persona

145 2797 305 2826 scenam
331 2783 553 2835 ingreditur
577 2787 616 2824 et
647 2783 701 2824 ad
727 2787 973 2834 spectatores
1002 2795 1190 2824 conversa
1225 2795 1353 2824 rerum
1380 2788 1522 2825 statum
1547 2785 1743 2827 narrando
1760 2786 1933 2838 exponit,
1960 2798 2240 2835 nonnunquam
2259 2785 2378 2825 etiam
2404 2796 2468 2824 res

145 2853 432 2905 spectatoribus
460 2852 706 2901 notissimas,
735 2857 777 2891 ut
805 2851 846 2891 in
874 2851 1013 2891 fabula
1040 2852 1194 2892 Helena
1220 2852 1389 2892 Menelai
1417 2865 1514 2893 uxor
1540 2854 1745 2906 prologum
1771 2867 1895 2907 agens
1922 2867 2077 2904 nomen,
2105 2853 2287 2905 patriam,
2314 2852 2468 2892 Paridis

140 2921 349 2974 judicium,
386 2920 486 2961 alias
521 2933 583 2960 res
620 2919 717 2960 satis
750 2924 864 2960 notas
901 2923 1044 2960 narrat.
1097 2919 1295 2960 Interdum
1328 2920 1393 2960 illa
1428 2933 1598 2974 persona
1633 2921 1782 2963 nullam
1815 2922 1979 2964 actionis
2007 2921 2132 2975 ipsius
2158 2926 2310 2974 partem
2337 2920 2467 2972 habet,

340 3085 381 3120 ¹⁷)
416 3084 457 3116 De
473 3083 609 3123 prologis
625 3083 799 3123 Euripideis
815 3080 972 3115 uberrime
984 3082 1177 3122 scripserunt
1192 3083 1418 3116 Eichstaedtius
1441 3084 1471 3117 in
1488 3085 1601 3125 libello,
1618 3085 1668 3125 qui
1691 3085 1882 3119 inscribitur:
1903 3087 1964 3127 „de
1978 3085 2117 3118 dramate
2134 3084 2321 3118 Graecorum
2335 3083 2470 3117 comico-

411 3135 568 3173 satyrieo“
591 3139 622 3168 et
644 3137 676 3170 F.
697 3137 750 3169 Tb.
773 3136 945 3168 Ellendtius
969 3136 999 3168 ln
1023 3136 1246 3168 dissertatione
1269 3136 1308 3167 de
1332 3137 1467 3176 prologis
1489 3138 1671 3177 tragoediae
1694 3138 1844 3171 Graecae.
