2634 3430
1277 67 1302 114 7

135 191 260 233 amitti
291 191 493 244 pulchram
524 189 725 230 unitatem.
779 189 1040 243 Ellendtius’)
1081 202 1237 241 quoqne
1268 192 1310 231 in
1343 189 1591 242 disponendo
1629 195 1858 242 argumento
1891 190 2082 230 Hecubae
2114 188 2157 228 id
2191 188 2275 228 vitii
2311 188 2443 229 inesse

135 261 240 313 dicit,
269 259 384 311 quod,
411 272 489 301 una
505 259 657 300 actione
674 272 754 299 non
780 258 962 299 sufficere
979 258 1077 310 visa,
1103 261 1229 301 altera
1246 274 1334 302 cum
1359 261 1489 313 priore
1506 260 1614 299 nullo
1639 260 1756 301 modo
1773 262 1983 312 conjuncta
2000 257 2181 308 addatur,
2212 257 2445 298 exteriorem

135 328 244 368 illam
270 326 434 368 duarum
460 326 658 368 actionum
685 324 998 377 conjunctionem
1025 325 1228 367 brevitatis
1244 327 1460 368 remedium
1487 338 1576 368 esse
1603 330 1757 378 putans.
1802 325 2183 367 Vehementissimus
2209 336 2305 365 vero
2327 328 2446 375 atque

135 394 412 437 immoderatus
444 393 644 447 Euripidis
676 393 919 445 vituperator
951 398 1079 434 exstat
1111 393 1320 448 Gruppius,
1330 396 1364 449 ⁸)
1398 395 1467 447 qui
1499 399 1543 436 ut
1570 407 1705 435 omnes
1730 394 1815 435 fere
1842 397 1928 446 ejus
1953 392 2180 446 tragoedias
2207 392 2316 433 vitiis
2343 406 2445 433 com-

134 463 342 515 positionis
368 462 536 503 refertas
564 473 652 501 esse
673 460 839 512 judicat,
866 460 924 500 sic
950 460 992 500 in
1017 462 1115 501 Hec.
1143 474 1297 514 quoque
1318 467 1470 516 justam
1497 462 1698 503 desiderat
1725 463 1925 503 unitatem.
1971 460 2164 502 Concedit
2192 459 2353 511 quidem
2378 461 2447 501 ille

136 532 180 583 (l.
201 543 234 571 c.
247 544 286 582 p.
301 532 390 571 371.
407 529 500 582 sq.)‚
529 528 718 579 Polydori
744 531 908 567 mortem
939 528 1072 578 aliquo
1098 530 1214 570 modo
1241 544 1328 572 cum
1355 537 1521 582 utraque
1549 531 1709 570 fabulae
1736 535 1847 581 parte
1874 531 2098 579 cohaerere,
2126 540 2248 579 quum
2275 532 2317 568 et
2342 529 2448 568 mala

134 598 400 639 immolatione
432 596 662 649 Polyxenae
694 594 810 635 matri
836 594 948 636 illata
974 609 1124 639 summe
1152 604 1295 650 augeat
1320 605 1361 641 et
1385 599 1493 640 viam
1510 597 1727 651 patefaciat
1755 597 1807 637 ad
1824 610 1974 650 poenas
1992 611 2019 638 a
2035 597 2309 650 Polymestore
2336 607 2449 648 repe-

133 667 292 718 tendas3
318 666 376 706 ita
400 678 495 706 vero
522 677 610 705 eam
637 677 725 704 cum
752 664 906 704 duabus
932 664 1011 704 illis
1037 666 1211 716 partibus
1239 668 1450 708 cohaerere
1476 672 1608 718 negat,
1635 670 1679 706 ut
1704 678 1774 705 eas
1800 670 2018 706 connectat.
2070 667 2123 705 At
2156 666 2370 705 lustremus
2397 676 2450 704 ea

134 747 303 787 quoque,
331 732 493 785 quaein
511 732 744 773 contrariam
769 735 923 785 partem
949 731 1195 785 disputarunt
1221 735 1420 789 Euripidis
1447 734 1692 776 defensores.
1738 734 1954 775 Raumerus
1962 733 1997 787 ⁹)
2026 732 2135 785 dicit,
2153 733 2330 785 potuisse
2357 736 2449 785 post

135 802 340 855 Talthybii
369 802 633 842 narrationem
665 800 910 853 tragoediam
944 801 1157 854 terminari,
1187 815 1265 844 non
1295 804 1500 856 debuisse3
1536 804 1726 844 Hecubae
1761 803 1866 843 enim
1898 803 2005 843 mala
2035 801 2173 854 augeri
2201 801 2378 854 potuisse
2406 805 2448 841 et

133 870 322 922 Polydori
360 874 525 910 mortem
561 882 650 909 cum
680 868 730 909 iis
767 869 825 909 ita
851 872 1098 921 conjunctam
1129 882 1227 921 esse,
1254 876 1296 912 ut
1325 872 1434 913 nullo
1460 872 1578 912 modo
1606 871 1701 911 addi
1727 871 1866 923 possit,
1892 871 1969 911 nisi
1996 870 2063 910 illo
2088 870 2175 921 ipso
2201 874 2379 921 tempore
2406 873 2448 909 et

134 939 202 980 illo
227 938 316 990 ipso
349 937 449 978 loco.
503 938 687 979 Attamen
719 950 835 978 nemo
862 936 1091 989 Euripidem
1120 938 1322 991 vituperat,
1353 939 1458 990 quod
1485 940 1527 980 in
1553 953 1672 981 unam
1699 940 1876 980 fabulam
1902 939 2078 979 actiones
2104 938 2311 979 contulth
2333 937 2446 988 duas,

135 1017 269 1046 verum
297 1004 403 1057 quod
429 1016 498 1046 eas
523 1005 627 1045 male
653 1005 719 1046 vel
741 1005 872 1058 potius
898 1004 1058 1045 minime
1086 1007 1283 1058 conjunxit
1307 1020 1438 1060 neque
1466 1007 1564 1049 duas
1591 1007 1680 1049 illas
1699 1007 1909 1049 connexuit
1926 1006 1967 1047 in
1993 1019 2122 1058 unam,
2151 1004 2257 1058 quod
2282 1005 2447 1046 alteram

135 1075 331 1114 actionem
361 1074 546 1114 tractavit
575 1079 664 1125 post
701 1075 865 1114 alteram
900 1086 1028 1124 neque
1061 1074 1181 1113 ullum
1213 1075 1435 1116 interiorem
1466 1077 1673 1116 transitum
1701 1089 1751 1115 ex
1778 1089 1858 1115 una
1885 1076 1928 1114 in
1953 1076 2119 1114 alteram
2145 1074 2269 1113 finxit.
2321 1073 2450 1112 Affert

135 1141 297 1194 quidem
323 1141 541 1183 Raumerus
560 1155 713 1193 causas,
741 1142 996 1193 quamobrem
1020 1146 1139 1194 poeta
1155 1143 1395 1195 tragoediam
1413 1150 1504 1198 post
1522 1144 1727 1197 Talthybii
1745 1143 2009 1185 narrationem
2035 1156 2115 1185 non
2131 1142 2285 1194 finierit,
2311 1154 2449 1183 verum

135 1210 290 1262 longius
318 1208 559 1262 produxerit,
597 1214 638 1249 at
669 1210 830 1250 minime
863 1210 1104 1262 probabiles.
1162 1210 1267 1250 Dicit
1301 1212 1416 1264 enim,
1443 1212 1690 1264 tragoediam
1716 1212 1773 1252 ibi
1800 1211 2050 1252 terminatam
2075 1212 2343 1260 Polyxenam,
2370 1220 2448 1249 non

135 1281 337 1317 Hecubam
369 1278 491 1317 fuisse
523 1278 813 1319 nominandam.
867 1278 1054 1318 Dedisset
1089 1279 1245 1329 quidem
1276 1280 1367 1319 Eur.
1401 1281 1561 1320 fabulae
1594 1293 1736 1320 nomen
1761 1281 2003 1332 Polyxenae,
2037 1281 2073 1320 si
2099 1280 2272 1332 priorem
2297 1283 2449 1318 tantum

134 1352 287 1399 partem
316 1351 541 1397 tractasset3
577 1346 686 1397 atqui
712 1360 867 1397 nomen,
902 1347 1008 1397 quod
1033 1347 1259 1398 tragoediae
1285 1348 1537 1399 impositurus
1564 1355 1659 1399 erat,
1686 1349 1846 1389 minime
1871 1361 1961 1389 eum
1985 1348 2185 1389 adducere
2212 1351 2379 1398 poterat,
2407 1351 2451 1386 ut

133 1414 186 1455 ad
212 1414 381 1467 priorem
407 1417 560 1466 partem
586 1413 706 1453 aliam
734 1413 928 1453 actionem
954 1413 1007 1454 ad
1033 1414 1235 1454 Hecubam
1259 1419 1501 1467 spectantem
1526 1415 1704 1456 adderet.
1758 1414 1909 1464 Quodsi
1936 1416 2154 1456 Raumerus
2180 1413 2447 1456 necessariam

134 1483 364 1535 tragoediae
382 1481 665 1534 longitudinem
692 1482 795 1523 inter
810 1482 899 1523 illas
927 1496 1066 1523 causas
1085 1483 1242 1535 profert,
1268 1483 1335 1523 vix
1353 1489 1424 1535 est,
1453 1485 1560 1537 quod
1577 1485 1705 1525 minus
1732 1489 1886 1536 gratum
1912 1484 2044 1525 facere
2062 1484 2234 1536 potuerit
2252 1482 2447 1535 Euripidi.

134 1552 317 1603 Namque
350 1563 401 1592 ex
435 1550 606 1603 simplici
639 1554 679 1591 et
709 1550 819 1591 tenui
854 1550 960 1592 facto
993 1550 1234 1603 tragoediam
1265 1564 1497 1604 componere
1529 1552 1670 1594 summi
1698 1552 1847 1604 ingenii
1878 1557 1951 1604 est,
1976 1552 2164 1593 imbecilli
2189 1565 2296 1603 vero,
2324 1550 2449 1591 multa

134 1620 333 1670 requirere
363 1619 481 1659 facta.
527 1618 643 1667 Quod
668 1620 887 1660 Raumerus
914 1619 1085 1669 denique
1104 1619 1290 1660 Hecubae
1316 1620 1510 1661 actionem
1537 1625 1738 1673 comparat
1757 1633 1844 1661 cum
1871 1621 2066 1673 Raphaeli
2090 1623 2446 1671 transfigurauone,

135 1692 247 1741 cujus
279 1688 456 1740 picturae
492 1692 625 1739 partes
659 1686 762 1727 duae
795 1686 935 1728 eodem
966 1686 1084 1728 modo
1117 1687 1218 1728 inter
1248 1701 1291 1728 se
1325 1689 1573 1739 cohaereant,
1610 1695 1747 1730 contra
1779 1689 1990 1730 dicendum
2022 1694 2094 1740 est,
2130 1689 2234 1729 illius
2267 1688 2445 1740 picturae

134 1755 455 1809 compositionem
494 1756 547 1797 ab
584 1755 725 1797 artium
756 1754 1105 1806 existimatoribus,
1147 1760 1189 1796 ut
1220 1770 1245 1797 a
1279 1756 1450 1807 Sulzero,
1486 1761 1528 1797 ut
1568 1757 1751 1799 vitiosam
1781 1758 2009 1799 denotatam
2044 1770 2145 1799 esse.
2202 1756 2295 1797 Pari
2330 1754 2448 1796 modo

133 1823 399 1877 Pflugkius¹⁰)
423 1836 580 1875 quoque
599 1823 827 1875 Euripidem
854 1823 904 1863 de
932 1823 1085 1864 duabus
1110 1824 1190 1865 illis
1212 1824 1426 1865 actionibus
1452 1837 1623 1878 purgare
1642 1830 1805 1866 conatus
1832 1830 1904 1866 est.
1950 1826 2173 1877 „Actiones,
2191 1825 2331 1876 inquit,
2348 1836 2449 1875 quas

132 1893 217 1933 dixi
245 1893 358 1943 duas,
386 1892 573 1944 conjungi
595 1905 761 1933 necesse
787 1892 874 1943 fuit,
901 1896 969 1932 aut
994 1892 1029 1932 si
1056 1893 1239 1944 conjungi
1266 1893 1349 1933 sine
1375 1893 1472 1934 vitio
1499 1907 1578 1933 non
1603 1900 1777 1945 possent,
1795 1899 1918 1934 totum
1936 1900 2207 1947 argumentum
2223 1894 2447 1944 relinquen-

133 1960 265 2002 dum.“
318 1961 370 2001 At
402 1959 445 2000 id
477 1960 606 2012 ipsum
640 1960 682 2001 in
716 1960 878 2001 dubium
912 1965 1086 2012 vocatur,
1120 1973 1213 2001 num
1243 1961 1334 2001 illae
1365 1961 1541 2002 actiones
1582 1961 1665 2013 „ita
1698 1962 1777 2003 sint
1810 1963 2125 2015 comprehensae,
2159 1968 2202 2003 ut
2239 1961 2291 2002 ad
2325 1974 2445 2002 unum

131 2029 380 2080 eundemque
410 2028 527 2069 finem
559 2028 823 2080 conspirent.“
876 2028 941 2068 Ad
972 2041 1181 2081 personam
1219 2029 1376 2081 quidem
1407 2041 1524 2075 unam
1557 2030 1804 2083 eandemque
1837 2035 2033 2083 spectant,
2065 2035 2106 2072 at
2139 2030 2174 2071 si
2201 2030 2269 2071 uni
2295 2029 2445 2071 homini

131 2097 300 2149 primum
328 2097 412 2148 hoc,
446 2096 591 2136 deinde
624 2096 724 2136 illud
748 2096 905 2148 accidit,
934 2097 1012 2136 duo
1043 2108 1137 2137 vero
1162 2098 1258 2138 haec
1284 2097 1388 2137 facta
1413 2097 1599 2137 interiore
1627 2098 1784 2139 vinculo
1812 2110 1992 2140 connexa
2018 2110 2097 2138 non
2123 2104 2225 2150 sunt,
2255 2098 2446 2150 numquid

131 2165 320 2216 dicemus,
355 2177 404 2204 ea
436 2165 490 2204 ad
523 2178 641 2204 unum
674 2165 919 2216 eundemque
952 2165 1070 2204 finem
1107 2165 1356 2217 conspirare?
1401 2166 1454 2204 At
1485 2166 1616 2217 pergit
1642 2166 1847 2218 Pflugkius
1879 2167 1951 2206 ita:
1985 2166 2117 2217 „Quid
2144 2172 2203 2206 est
2232 2167 2349 2217 enim,
2377 2180 2447 2206 cur

132 2232 382 2274 desideretur
413 2233 455 2273 in
487 2232 695 2285 tragoedia
728 2233 860 2274 unitas
893 2234 1086 2274 actionis?
1128 2234 1205 2275 nisi
1235 2233 1337 2285 quod
1371 2235 1589 2285 conjunctis
1623 2248 1726 2285 quae
1759 2241 1826 2275 aut
1858 2236 2017 2287 singula
2047 2240 2181 2288 aptam
2215 2235 2447 2287 tragoediae

131 2301 336 2342 materiam
362 2302 609 2355 praeberent,
637 2306 704 2342 aut
726 2301 879 2353 aliquid
900 2302 1041 2344 saltem
1059 2303 1257 2355 haberent,
1276 2302 1380 2356 quod
1397 2302 1553 2355 longius
1572 2308 1805 2356 evagaretur
1831 2308 1870 2345 et
1888 2304 2124 2345 exuberaret
2141 2303 2446 2356 quodammodo,

131 2370 216 2410 fieri
247 2383 326 2410 non
358 2375 501 2422 potest,
536 2371 631 2421 quin
663 2371 844 2411 absoluta
869 2384 950 2411 una
974 2377 1087 2423 parte
1117 2377 1157 2413 et
1183 2371 1422 2422 consumptis
1448 2377 1575 2412 metus
1602 2385 1650 2412 ac
1676 2373 1940 2413 miserationis
1965 2374 2188 2424 affectibus,
2213 2373 2267 2412 ad
2293 2373 2450 2424 reliqua

132 2438 329 2479 minuatur
361 2439 526 2479 attentio
559 2444 598 2479 et
631 2439 860 2491 languescat
893 2441 1064 2481 studium
1100 2439 1339 2494 spectandi.“
1389 2440 1511 2490 Atqui
1548 2440 1652 2481 effici
1683 2446 1814 2493 potest
1845 2454 1896 2482 ex
1924 2447 2089 2493 utraque
2117 2442 2309 2483 Hecubae
2335 2447 2448 2494 parte

131 2506 349 2560 tragoedia,
377 2507 420 2547 id
437 2507 543 2560 quod
569 2509 757 2560 probatur
774 2508 978 2561 Polyxena
995 2509 1227 2562 Sophoclea,
1255 2511 1364 2560 cujus
1383 2508 1540 2549 fabulae
1568 2515 1837 2562 argumentum
1856 2523 1945 2550 cum
1972 2512 2101 2563 priore
2120 2511 2310 2552 Hecubae
2338 2516 2450 2563 parte

131 2574 248 2627 plane
275 2575 465 2627 congruit.
519 2576 668 2616 Meram
699 2588 792 2617 vero
820 2576 1083 2618 calamitatem
1109 2582 1241 2630 aptam
1272 2575 1499 2627 tragoediae
1530 2577 1734 2618 materiam
1760 2591 1840 2619 non
1867 2591 1969 2631 esse,
1996 2592 2127 2631 neque
2154 2592 2178 2620 e
2205 2584 2348 2620 natura
2374 2584 2449 2619 tra—

132 2644 299 2696 goediae
331 2657 459 2694 neque
493 2644 686 2695 exemplis
720 2645 879 2696 probari
912 2650 1054 2697 potest.
1107 2647 1144 2686 N
1148 2659 1193 2686 ec
1223 2645 1348 2696 magis
1375 2645 1668 2685 concedendum
1695 2651 1766 2697 est,
1798 2648 2018 2698 posteriore
2045 2653 2159 2700 parte
2187 2652 2451 2700 spectatorum

129 2711 284 2753 animos
321 2711 507 2764 mitigari,
524 2717 563 2752 et
594 2724 645 2752 ex
685 2713 941 2754 acerbissimo
974 2713 1109 2754 dolore
1144 2713 1196 2754 ad
1235 2725 1343 2764 spem
1376 2724 1511 2753 rursus
1543 2718 1584 2753 et
1614 2714 1801 2754 fiduciam
1839 2717 2131 2757 convalescere.
2191 2717 2307 2757 Juste
2345 2716 2451 2756 enim

131 2779 334 2833 Gruppius
353 2792 483 2831 neque
501 2780 542 2820 in
561 2779 704 2821 nuncio
732 2779 782 2821 de
800 2781 990 2833 Polydori
1014 2786 1138 2823 morte
1164 2780 1280 2821 allato
1305 2791 1433 2830 neque
1460 2780 1502 2820 in
1530 2781 1813 2824 crudelissimis
1831 2784 1973 2835 poenis
1993 2797 2019 2825 a
2035 2784 2310 2837 Polymestore
2337 2796 2449 2836 repe-

130 2848 214 2888 titis
246 2848 529 2900 mitigationem
554 2848 684 2889 inesse
712 2848 821 2901 dicit,
849 2850 956 2900 quod
981 2850 1123 2891 nuncio
1150 2849 1218 2889 illo
1245 2847 1349 2887 mala
1365 2848 1552 2890 Hecubae
1580 2856 1809 2902 augeantur,
1841 2864 1996 2903 poenae
2023 2866 2119 2894 vero
2146 2853 2326 2893 tetriores
2359 2852 2448 2903 sint,

336 2965 363 3005 ²)
395 2966 428 2998 in
450 2966 672 2998 dissertatione
694 2965 734 2998 de
757 2966 895 3006 prologis
917 2968 1097 3007 tragoediae
1120 2967 1255 2999 Graecae
1278 2973 1306 3004 p.
1330 2965 1379 2998 28.

333 3016 362 3060 ⁸)
395 3018 427 3052 in
449 3018 536 3059 libro,
559 3018 611 3060 qui
631 3018 824 3054 inscribitur:
847 3018 993 3054 arianae.

333 3071 361 3111 ⁹)
394 3071 426 3103 in
438 3071 690 3104 annotationibus
702 3072 741 3104 ad
753 3073 940 3114 Euripidem,
956 3082 1036 3114 quae
1042 3073 1165 3106 additae
1177 3074 1249 3104 sunt
1263 3072 1302 3104 ad
1316 3072 1458 3111 ejusdem
1470 3072 1593 3114 librum,
1604 3075 1656 3113 qui
1671 3075 1873 3110 inscribitur:
1898 3075 2107 3119 Qorieiungeu
2120 3077 2192 3108 iiber
2208 3077 2265 3107 cite
2276 3074 2446 3115 Θεὶῷίᾤιε.

323 3123 366 3164 ¹⁰)
397 3124 429 3156 in
451 3125 611 3164 prooemio
636 3125 783 3158 Hecubae
804 3133 837 3166 p.
859 3127 888 3160 8.

2202 3180 2258 3211 15³*
